ISA*00*1234567890*00*1234567890*14*7906630900001  *30*251729714      *250205*1336*^*00501*000000408*0*P*>~GS*HP*7906630900001*251729714*20250205*1336*408*X*005010X221A1~ST*835*0408~BPR*I*10921.94*C*ACH*CCP*01*041203824*DA*9628000813*1752882129*000000001*01*043000261*DA*0304215*20250207~TRN*1*2500067170*1752882129*000000001~REF*EV*251729714~DTM*405*20250205~N1*PR*CAREMARK~N3*9501 E. Shea Blvd.~N4*SCOTTSDALE*AZ*852606719~PER*CX*PHARMACY HELP DESK*TE*8003455413~PER*BL*CVS/CAREMARK*EM*Caremark.835@CVSHealth.com~PER*IC**UR*www.rxservices.cvscaremark.com~N1*PE*CHARTWELL PENNSYLVANIA*XX*1033166244~N3*1001 OAKDALE RD~N4*OAKDALE*PA*15071~LX*396348~TS3*1033166244*99*20251231*5*36506.23~CLP*0520073*4*23677.45*0**13*2503441562493132339~NM1*QC*1*ARTIS*BARBARA****MI*12781076701~DTM*232*20250203~SVC*N4>61314045420*23677.45*0**2.40~CAS*CO*90*23675.40**91*2.05~LQ*RX*41~CLP*10371452*1*9005.52*9000.47*3*13*2503538065803152339~NM1*QC*1*LOZUPONE*KENNETH****MI*12971065501~REF*CE*CMKONE1001~DTM*232*20250204~SVC*N4>00078100768*9005.52*9000.47**0.40~CAS*CO*91*2.05~CAS*PR*3*3~CLP*0520503*1*4750.08*1921.47*3*13*2503538566441172339~NM1*QC*1*WERNER*COURTNEY****MI*12715078201~REF*CE*CMKONE1001~DTM*232*20250204~SVC*N4>60505618800*4750.08*1921.47**2.40~CAS*CO*90*2829.56**91*-3.95~CAS*PR*3*3~CLP*0520503*22*-4750.08*-1921.47**13*2503538566441172339~NM1*QC*1*WERNER*COURTNEY****MI*12715078201~REF*CE*CMKONE1001~DTM*232*20250204~SVC*N4>60505618800*-4750.08*-1921.47**-2.40~CAS*CO*90*-2829.56**91*3.95~CAS*CO*3*-3~CLP*10393558*1*3823.26*1921.47*3*13*2503545824863802339~NM1*QC*1*WERNER*COURTNEY****MI*12715078201~REF*CE*CMKONE1001~DTM*232*20250204~SVC*N4>60505618800*3823.26*1921.47**2.40~CAS*CO*90*1902.74**91*-3.95~CAS*PR*3*3~SE*51*0408~GE*1*408~IEA*1*000000408~