ISA*00*1234567890*00*1234567890*14*7906630900001  *30*251729714      *250708*2153*^*00501*000000453*0*P*:~GS*HP*7906630900001*251729714*20250708*2153*453*X*005010X221A1~ST*835*0453~BPR*I*640194.77*C*ACH*CCP*01*041203824*DA*9628000813*1752882129*000000001*01*043000261*DA*0304215*20250710~TRN*1*2500358852*1752882129*000000001~REF*EV*251729714~DTM*405*20250708~N1*PR*CAREMARK~N3*9501 E. Shea Blvd.~N4*SCOTTSDALE*AZ*852606719~PER*CX*PHARMACY HELP DESK*TE*8003455413~PER*BL*CVS/CAREMARK*EM*Caremark.835@CVSHealth.com~PER*IC**UR*www.rxservices.cvscaremark.com~N1*PE*CHARTWELL PENNSYLVANIA*XX*1033166244~N3*1001 OAKDALE RD~N4*OAKDALE*PA*15071~LX*396348~TS3*1033166244*99*20251231*171*1658337.84~CLP*0814013*4*2609.73*0**13*2502129819811012338~NM1*QC*1*DIBUCCI*DIEDRA****MI*27012478 01~DTM*232*20250115~SVC*N4:70594003401*2609.73*0**400~CAS*CO*90*2609.73~LQ*RX*76~CLP*0811694*4*205.88*0**13*2504931988810769110~NM1*QC*1*KOLOS*SARAH****MI*GA727612101~DTM*232*20250213~SVC*N4:63323066401*205.88*0**19~CAS*CO*90*205.88~LQ*RX*81~LQ*RX*569~CLP*0818224*4*154.28*0**13*2504931998771009110~NM1*QC*1*KOLOS*SARAH****MI*GA727612101~DTM*232*20250213~SVC*N4:00009001104*154.28*0**1.35~CAS*CO*90*154.28~LQ*RX*81~LQ*RX*569~CLP*0818225*4*77.14*0**13*2504932002541349110~NM1*QC*1*KOLOS*SARAH****MI*GA727612101~DTM*232*20250213~SVC*N4:00009001104*77.14*0**0.90~CAS*CO*90*77.14~LQ*RX*81~LQ*RX*569~CLP*0819413*4*30523.08*0**13*2505630874803352338~NM1*QC*1*FREEMAN*AUTRESS****MI*27113872 01~DTM*232*20250220~SVC*N4:57894005427*30523.08*0**104~CAS*CO*90*30523.08~LQ*RX*75~CLP*0819573*4*162*0**13*2505732172632609110~NM1*QC*1*ZIMMER*CHRISTINE****MI*G9Z00221301~DTM*232*20250221~SVC*N4:00009001104*162*0**1.50~CAS*CO*90*162~LQ*RX*81~LQ*RX*569~CLP*0819573*4*243*0**13*2506230106410519110~NM1*QC*1*ZIMMER*CHRISTINE****MI*G9Z00221301~DTM*232*20250227~SVC*N4:00009001104*243*0**2.10~CAS*CO*90*243~LQ*RX*81~LQ*RX*569~CLP*10393558*1*3823.26*1865.79*3*13*2507746835031222339~NM1*QC*1*WERNER*COURTNEY****MI*12715078201~REF*CE*CMKONE1001~DTM*232*20250318~SVC*N4:60505618800*3823.26*1865.79**2.40~CAS*CO*90*1958.42**91*-3.95~CAS*PR*3*3~CLP*10411294*1*22645.09*21740.40**13*2516158474021382338~NM1*QC*1*ROWAN*AMBER****MI*27184546 01~REF*CE*CMKPA21007~DTM*232*20250610~SVC*N4:63020053530*22645.09*21740.40**30~CAS*CO*90*904.69~CLP*0564938*4*36661.50*0**13*2516223178913350353~NM1*QC*1*BRYANT*DANIEL****MI*16474333301~DTM*232*20250611~SVC*N4:00006533101*36661.50*0**90~CAS*CO*90*36661.50**130*-0.32**130*0.32~LQ*RX*70~LQ*RX*MR~CLP*0564946*4*2514.85*0**13*2516225295662822338~NM1*QC*1*ACOSTA*JALIANNA****MI*27268291 01~DTM*232*20250611~SVC*N4:50881000705*2514.85*0**60~CAS*CO*90*2512.80**91*2.05~LQ*RX*75~CLP*10413460*1*4155.91*3185.35*100*13*2516229773521295806~NM1*QC*1*RECKLEIN*MARK****MI*20966172402~NM1*IL*1*RECKLEIN*MARK****MI*20966172402~REF*CE*CNTRCT1001~DTM*232*20250611~SVC*N4:65649030302*4155.91*3185.35**60~CAS*CO*90*870.66**91*-0.1**130*-0.32**130*0.32~CAS*PR*3*100~CLP*0834468*4*955.34*0**13*2516231347161309448~NM1*QC*1*DOUTT*MARY****MI*G7C31477201~DTM*232*20250606~SVC*N4:00000000000*955.34*0**6~CAS*CO*90*955.34~LQ*RX*83~CLP*0565034*4*3286.08*0**13*2516232877823633906~NM1*QC*1*GAPSKY*MICHELLE****MI*WPS20972201~DTM*232*20250611~SVC*N4:59651020508*3286.08*0**84~CAS*CO*90*3286.08**130*-0.32**130*0.32~LQ*RX*70~CLP*0565037*4*3286.08*0**13*25162329729961424AF~NM1*QC*1*GAPSKY*MICHELLE****MI*20972265101~DTM*232*20250611~SVC*N4:59651020508*3286.08*0**84~CAS*CO*90*3286.08**130*-0.32**130*0.32~LQ*RX*R6~LQ*RX*75~CLP*0001234*4*5.23*0**13*251623322811036~NM1*QC*1*PRICE*DONNA****MI*GA7551820~DTM*232*20250611~SVC*N4:60505614205*5.23*0**2~CAS*CO*90*5.23**130*-0.32**130*0.32~LQ*RX*8Z~CLP*0565061*4*18426*0**13*2516234528432152338~NM1*QC*1*FLAGG*SHYANN****MI*27223484 01~DTM*232*20250611~SVC*N4:71332000201*18426*0**60~CAS*CO*90*18420**91*6~LQ*RX*75~CLP*0565063*4*1578.36*0**13*2516234655293665806~NM1*QC*1*MANZ*VANESSA M****MI*17470102202~NM1*IL*1*MANZ*VANESSA****MI*17470102202~DTM*232*20250611~SVC*N4:61314032720*1578.36*0**0.80~CAS*CO*90*1578.36**130*-0.32**130*0.32~LQ*RX*R6~CLP*0565065*4*2398.06*0**13*2516234756310872338~NM1*QC*1*ROBINSON*JA CARI****MI*27080752 01~DTM*232*20250611~SVC*N4:00024591401*2398.06*0**2~CAS*CO*90*2396.01**91*2.05~LQ*RX*75~CLP*0565079*4*182677.20*0**13*2516235801111902338~NM1*QC*1*ROSEBOROUGH*RYAN****MI*27067356 01~DTM*232*20250611~SVC*N4:00169770521*182677.20*0**135~CAS*CO*90*182671.20**91*6~LQ*RX*75~CLP*0565081*4*6095.04*0**13*2516235971032812338~NM1*QC*1*ROSEBOROUGH*RYAN****MI*27067356 01~DTM*232*20250611~SVC*N4:00169770521*6095.04*0**4.50~CAS*CO*90*6089.04**91*6~LQ*RX*75~CLP*0565105*4*2250.52*0**13*2516237876422940944~NM1*QC*1*LEWIS*KAREN****MI*07536422302~NM1*IL*1*LEWIS*KAREN****MI*07536422302~DTM*232*20250611~SVC*N4:55513071021*2250.52*0**1~CAS*CO*90*2250.52**130*-0.32**130*0.32~LQ*RX*04~CLP*0565107*4*2250.52*0**13*2516237908792470944~NM1*QC*1*LEWIS*KAREN****MI*07536422302~NM1*IL*1*LEWIS*KAREN****MI*07536422302~DTM*232*20250611~SVC*N4:55513071021*2250.52*0**1~CAS*CO*90*2250.52**130*-0.32**130*0.32~LQ*RX*R6~LQ*RX*75~CLP*0565156*4*9789.12*0**13*25162419105933124EX~NM1*QC*1*WAGNER*JESSICA****MI*21062353302~NM1*IL*1*WAGNER*JESSICA****MI*21062353302~DTM*232*20250611~SVC*N4:58406003204*9789.12*0**4~CAS*CO*90*9789.12**130*-0.32**130*0.32~LQ*RX*R6~CLP*0565157*4*36661.50*0**13*2516241914182620353~NM1*QC*1*BRYANT*DANIEL****MI*16474333301~DTM*232*20250611~SVC*N4:00006533101*36661.50*0**90~CAS*CO*90*36661.50**130*-0.32**130*0.32~LQ*RX*70~LQ*RX*MR~CLP*0565158*4*8928*0**13*2516242017022091400~NM1*QC*1*SPIAGGI*BRUCE****MI*19544982521~DTM*232*20250611~SVC*N4:69238131906*8928*0**60~CAS*CO*90*8928**130*-0.32**130*0.32~LQ*RX*R6~CLP*0565165*1*26866.19*21551.77*3*13*2516242766632002338~NM1*QC*1*ADAMS*ASIA****MI*22240693 01~REF*CE*CMKPA21007~DTM*232*20250611~SVC*N4:00074210001*26866.19*21551.77**1~CAS*CO*90*5311.42~CAS*PR*3*3~CLP*0565165*22*-26866.19*-21551.77**13*2516242766632002338~NM1*QC*1*ADAMS*ASIA****MI*22240693 01~REF*CE*CMKPA21007~DTM*232*20250611~SVC*N4:00074210001*-26866.19*-21551.77**-1~CAS*CO*90*-5311.42~CAS*CO*3*-3~CLP*10407194*1*10123.34*10114.34*3*13*2516242892850762338~NM1*QC*1*DONNELLY*KAYLA****MI*23028426 01~REF*CE*CMKPA21007~DTM*232*20250611~SVC*N4:69516000530*10123.34*10114.34**30~CAS*CO*91*6~CAS*PR*3*3~CLP*10377425*1*4750.08*1900.21*1*13*2516245428942142338~NM1*QC*1*COLON*ESTHER****MI*22647730 01~REF*CE*CMKPA21007~DTM*232*20250611~SVC*N4:60505618800*4750.08*1900.21**2.24~CAS*CO*90*2852.82**91*-3.95~CAS*PR*3*1~CLP*10377425*22*-4750.08*-1900.21**13*2516245428942142338~NM1*QC*1*COLON*ESTHER****MI*22647730 01~REF*CE*CMKPA21007~DTM*232*20250611~SVC*N4:60505618800*-4750.08*-1900.21**-2.24~CAS*CO*90*-2852.82**91*3.95~CAS*CO*3*-1~CLP*10377425*1*4750.08*1900.21*1*13*2516245428942142338~NM1*QC*1*COLON*ESTHER****MI*22647730 01~REF*CE*CMKPA21007~DTM*232*20250611~SVC*N4:60505618800*4750.08*1900.21**2.24~CAS*CO*90*2852.82**91*-3.95~CAS*PR*3*1~CLP*10377425*22*-4750.08*-1900.21**13*2516245428942142338~NM1*QC*1*COLON*ESTHER****MI*22647730 01~REF*CE*CMKPA21007~DTM*232*20250611~SVC*N4:60505618800*-4750.08*-1900.21**-2.24~CAS*CO*90*-2852.82**91*3.95~CAS*CO*3*-1~CLP*0565268*4*2252.57*0**13*2516248919550182338~NM1*QC*1*WEIMER*JANET****MI*27058057 01~DTM*232*20250611~SVC*N4:55513071021*2252.57*0**1~CAS*CO*90*2250.52**91*2.05~LQ*RX*79~CLP*0565269*1*1556.40*1295*3*13*2516249215482842338~NM1*QC*1*QUIGLEY*CHRISTINE****MI*22177513 01~REF*CE*CMKPA21007~DTM*232*20250611~SVC*N4:00023392102*1556.40*1295**1~CAS*CO*90*258.40~CAS*PR*3*3~CLP*0565269*22*-1556.40*-1295**13*2516249215482842338~NM1*QC*1*QUIGLEY*CHRISTINE****MI*22177513 01~REF*CE*CMKPA21007~DTM*232*20250611~SVC*N4:00023392102*-1556.40*-1295**-1~CAS*CO*90*-258.40~CAS*CO*3*-3~CLP*0565270*4*17110.80*0**13*2516249246440372338~NM1*QC*1*WOJCIO*RICHARD****MI*24166336 01~DTM*232*20250611~SVC*N4:50419039501*17110.80*0**120~CAS*CO*90*17104.80**91*6~LQ*RX*69~CLP*10415021*4*18366.52*0**13*2516249666010792338~NM1*QC*1*RIVERA*ERVIN****MI*27199389 01~DTM*232*20250611~SVC*N4:59676060430*18366.52*0**30~CAS*CO*90*18360.52**91*6~LQ*RX*79~CLP*0565280*1*1556.40*1295*3*13*2516249764262852338~NM1*QC*1*PANUCCIO*DONNA****MI*24468970 01~REF*CE*CMKPA21007~DTM*232*20250611~SVC*N4:00023114501*1556.40*1295**2~CAS*CO*90*258.40~CAS*PR*3*3~CLP*0565280*22*-1556.40*-1295**13*2516249764262852338~NM1*QC*1*PANUCCIO*DONNA****MI*24468970 01~REF*CE*CMKPA21007~DTM*232*20250611~SVC*N4:00023114501*-1556.40*-1295**-2~CAS*CO*90*-258.40~CAS*CO*3*-3~CLP*10396425*1*9602.05*7776.06*3*13*2516251180452622338~NM1*QC*1*WATTS*ADAM****MI*24545551 01~REF*CE*CMKPA21007~DTM*232*20250611~SVC*N4:72626270101*9602.05*7776.06**28~CAS*CO*90*1826.94**91*-3.95~CAS*PR*3*3~CLP*10419922*1*16467.34*16461.34**13*2516251539942632338~NM1*QC*1*KISH*TRACY****MI*27236626 01~REF*CE*CMKPA21007~DTM*232*20250611~SVC*N4:00069028403*16467.34*16461.34**21~CAS*CO*91*6~CLP*0565308*4*9789.12*0**13*2516252745103963665~NM1*QC*1*CLARK*MARY****MI*21046134201~DTM*232*20250611~SVC*N4:58406003204*9789.12*0**4~CAS*CO*90*9789.12**130*-0.32**130*0.32~LQ*RX*R6~LQ*RX*75~CLP*0565330*4*17427.62*0**13*2516254188342480583~NM1*QC*1*DOW*KRISTINE****MI*54753857302~NM1*IL*1*DOW*KRISTINE****MI*54753857302~DTM*232*20250611~SVC*N4:00002772411*17427.62*0**2~CAS*CO*90*17427.62**130*-0.32**130*0.32~LQ*RX*70~LQ*RX*MR~CLP*0565337*4*12184.08*0**13*2516254609330182338~NM1*QC*1*BAKER*KYLEN****MI*22910416 01~DTM*232*20250611~SVC*N4:00169770821*12184.08*0**6~CAS*CO*90*12178.08**91*6~LQ*RX*88~CLP*10393558*1*3823.26*1898.21*3*13*2516327775592372339~NM1*QC*1*WERNER*COURTNEY****MI*12715078201~REF*CE*CMKONE1001~DTM*232*20250612~SVC*N4:60505618800*3823.26*1898.21**2.24~CAS*CO*90*1926**91*-3.95~CAS*PR*3*3~CLP*10403502*1*4748.03*2100.30**13*2517726669320399110~NM1*QC*1*SHIREY*MARY KAY****MI*GA406953501~REF*CE*MDR1S100S2~DTM*232*20250626~SVC*N4:60505618800*4748.03*2100.30**2.24~CAS*CO*90*2647.78**91*-0.05**130*-0.34**130*0.34~CLP*10397094*1*4792.03*3804.97**13*2517727298113059448~NM1*QC*1*HAUCK*JUDITH****MI*G6C10232101~REF*CE*MDR0S02025~DTM*232*20250626~SVC*N4:00024591502*4792.03*3804.97**4~CAS*CO*90*987.16**91*-0.1**130*-0.34**130*0.34~CLP*10404424*1*7287.77*5976.02**13*2517729961073029110~NM1*QC*1*AYLSWORTH*JAMIE****MI*G0C16137701~REF*CE*MDR1S100S2~DTM*232*20250626~SVC*N4:00069050130*7287.77*5976.02**30~CAS*CO*90*1311.80**91*-0.05**130*-0.34**130*0.34~CLP*10405028*1*13169.60*11194.21**13*2517730016291969110~NM1*QC*1*PLEINS THOMAS*BARBARA****MI*G6C76173701~REF*CE*MDR1S100S2~DTM*232*20250626~SVC*N4:00069018821*13169.60*11194.21**14~CAS*CO*90*1975.44**91*-0.05**130*-0.34**130*0.34~CLP*10392768*1*6797.36*5573.89**13*2517730069721879110~NM1*QC*1*GOULD*STACEY****MI*GA635671801~REF*CE*MDR1S100S2~DTM*232*20250626~SVC*N4:50242021501*6797.36*5573.89**4~CAS*CO*90*1223.52**91*-0.05**130*-0.34**130*0.34~CLP*10421122*1*2970*2388.54*46.91*13*2517730344592029110~NM1*QC*1*MASSOF*HELENE****MI*G0153422101~REF*CE*MDR1S100S2~DTM*232*20250626~SVC*N4:47781065289*2970*2388.54**2.48~CAS*CO*90*534.60**91*-0.05**130*-0.34**130*0.34~CAS*PR*3*46.91~CLP*10412780*4*26099.45*0**13*2517730345120989110~NM1*QC*1*ARNOLD*DEBORAH****MI*GA693157501~DTM*232*20250626~SVC*N4:55513050450*26099.45*0**90~CAS*CO*90*26099.45~LQ*RX*79~CLP*10411586*1*10560*8384.74**13*2517730538511169448~NM1*QC*1*LINNAN*J****MI*G2C67948501~REF*CE*MDR0S02025~DTM*232*20250626~SVC*N4:50881001060*10560*8384.74**30~CAS*CO*90*2175.36**91*-0.1**130*-0.34**130*0.34~CLP*0570111*1*18892.80*16058.93**13*2517730585801969110~NM1*QC*1*CRAWFORD*JAMES****MI*GA166267701~REF*CE*MDR1S100S2~DTM*232*20250626~SVC*N4:72579001102*18892.80*16058.93**120~CAS*CO*90*2833.92**91*-0.05~CLP*0570111*22*-18892.80*-16058.93**13*2517730585801969110~NM1*QC*1*CRAWFORD*JAMES****MI*GA166267701~REF*CE*MDR1S100S2~DTM*232*20250626~SVC*N4:72579001102*-18892.80*-16058.93**-120~CAS*CO*90*-2833.92**91*0.05~CLP*10422978*1*3154.70*2444.93*60*13*2517730930722419448~NM1*QC*1*TICKLE*PATRICIA****MI*GA005816401~REF*CE*MDR0S02025~DTM*232*20250626~SVC*N4:55513099802*3154.70*2444.93**2.34~CAS*CO*90*649.87**91*-0.1**130*-0.34**130*0.34~CAS*PR*3*60~CLP*10422978*22*-3154.70*-2444.93**13*2517730930722419448~NM1*QC*1*TICKLE*PATRICIA****MI*GA005816401~REF*CE*MDR0S02025~DTM*232*20250626~SVC*N4:55513099802*-3154.70*-2444.93**-2.34~CAS*CO*90*-649.87**91*0.1**130*0.34**130*-0.34~CAS*CO*3*-60~CLP*0570122*4*8945.65*0**13*2517731438622872342~NM1*QC*1*PATTERSON*GEORGE****MI*71010805 01~DTM*232*20250626~SVC*N4:00469012599*8945.65*0**60~CAS*CO*90*8943.60**91*2.05~LQ*RX*76~LQ*RX*75~LQ*RX*569~CLP*0570125*4*8945.65*0**13*2517731490053322342~NM1*QC*1*PATTERSON*GEORGE****MI*71010805 01~DTM*232*20250626~SVC*N4:00469062599*8945.65*0**60~CAS*CO*90*8943.60**91*2.05~LQ*RX*76~LQ*RX*75~LQ*RX*569~CLP*0836395*1*35.46*10.40*1.60*13*2517732025570749110~NM1*QC*1*WISE*CAROLINE****MI*GA211840201~REF*CE*MEDDHIF000~DTM*232*20250621~SVC*N4:00338004904*35.46*10.40**2000~CAS*CO*90*25.46**91*-2**130*-0.34**130*0.34~CAS*PR*3*1.60~CLP*0836396*1*118.10*33.71*1.60*13*2517732031362369110~NM1*QC*1*WISE*CAROLINE****MI*GA211840201~REF*CE*MEDDHIF000~DTM*232*20250621~SVC*N4:00641037625*118.10*33.71**28~CAS*CO*90*84.79**91*-2**130*-0.34**130*0.34~CAS*PR*3*1.60~CLP*0836396*4*118.10*0**13*2517732031362369110~NM1*QC*1*WISE*CAROLINE****MI*GA211840201~DTM*232*20250621~SVC*N4:00641037625*118.10*0**28~CAS*CO*90*118.10~LQ*RX*88~LQ*RX*569~CLP*0799335*1*33695.67*9797.95**13*2517732035042209448~NM1*QC*1*FETZER*RONALD****MI*G3C61154101~REF*CE*MEDDHIF000~DTM*232*20250623~SVC*N4:64764030020*33695.67*9797.95**1~CAS*CO*90*23899.22**91*-1.5**130*-0.34**130*0.34~CLP*0830782*1*315200.40*91640.76**13*2517732039840547117~NM1*QC*1*LAUDERDALE*LESLIE****MI*00400973501~REF*CE*MEDDHIF000~DTM*232*20250623~SVC*N4:75987013015*315200.40*91640.76**5~CAS*CO*90*223561.14**91*-1.5**130*-0.34**130*0.34~CLP*10422933*1*18317.01*14468.92**13*2517733907791482342~NM1*QC*1*NIXON*ANNUNCIATA****MI*70056650 01~REF*CE*MDR0S02025~DTM*232*20250626~SVC*N4:00078107068*18317.01*14468.92**4~CAS*CO*90*3846.14**91*1.95**130*-0.34**130*0.34~CLP*10418886*1*5987.39*4728.52**13*2517734074370562342~NM1*QC*1*KETCHLEDGE*DIANNA M****MI*70083028 01~REF*CE*MDR0S02025~DTM*232*20250626~SVC*N4:49401008835*5987.39*4728.52**4~CAS*CO*90*1256.92**91*1.95**130*-0.34**130*0.34~CLP*10422574*1*19756.45*15606.08**13*2517734593823042342~NM1*QC*1*MILLER*CAROL****MI*70098760 01~REF*CE*MDR0S02025~DTM*232*20250626~SVC*N4:00069048603*19756.45*15606.08**21~CAS*CO*90*4148.42**91*1.95**130*-0.34**130*0.34~CLP*10416749*1*18892.80*16058.93**13*2517735556151929110~NM1*QC*1*CRAWFORD*JAMES****MI*GA166267701~REF*CE*MDR1S100S2~DTM*232*20250626~SVC*N4:72579001102*18892.80*16058.93**120~CAS*CO*90*2833.92**91*-0.05**130*-0.34**130*0.34~CLP*0570204*1*4815.90*3763.92*60*13*2517736092272929448~NM1*QC*1*FLARKEY*MONA****MI*G6C15393901~DTM*232*20250626~SVC*N4:50242010040*4815.90*3763.92**75~CAS*CO*90*992.08**91*-0.1~CAS*PR*3*60~CLP*0570204*22*-4815.90*-3763.92**13*2517736092412923372~NM1*QC*1*FLARKEY*MONA****MI*17948430201~REF*CE*MDR0S02025~DTM*232*20250626~SVC*N4:50242010040*-4815.90*-3763.92**-75~CAS*CO*90*-992.08**91*0.1**130*-0.32**130*0.32~CAS*CO*3*-60~CLP*10418167*1*4815.89*3763.92*60*13*2517736144271439448~NM1*QC*1*FLARKEY*MONA****MI*G6C15393901~DTM*232*20250626~SVC*N4:50242010040*4815.89*3763.92**75~CAS*CO*90*992.07**91*-0.1~CAS*PR*3*60~CLP*10417705*1*18360.52*14559.99**13*2517736144963929487~NM1*QC*1*NAYLOR*DONALD****MI*G8C47822701~REF*CE*MDR0S02025~DTM*232*20250626~SVC*N4:59676060430*18360.52*14559.99**30~CAS*CO*90*3800.63**91*-0.1**130*-0.34**130*0.34~CLP*10423040*1*2250.52*1726.91*60*13*2517736200520429448~NM1*QC*1*SOBROWSKI*MARY****MI*GA317853701~REF*CE*MDE0S02025~DTM*232*20250626~SVC*N4:55513071021*2250.52*1726.91**1~CAS*CO*90*463.61~CAS*PR*3*60~CLP*10423040*22*-2250.52*-1726.91**13*2517736200520429448~NM1*QC*1*SOBROWSKI*MARY****MI*GA317853701~REF*CE*MDE0S02025~DTM*232*20250626~SVC*N4:55513071021*-2250.52*-1726.91**-1~CAS*CO*90*-463.61~CAS*CO*3*-60~CLP*0570209*4*11272.50*0**13*2517736335812339448~NM1*QC*1*YOCUM*GERALD****MI*G2C67463701~DTM*232*20250626~SVC*N4:60219164207*11272.50*0**270~CAS*CO*90*11272.50~LQ*RX*79~CLP*10416257*1*4794.08*3785.80**13*2517739063033082342~NM1*QC*1*KNOTT*JACK****MI*70113783 01~REF*CE*MDR0S02025~DTM*232*20250626~SVC*N4:00024591401*4794.08*3785.80**4~CAS*CO*90*1006.33**91*1.95**130*-0.34**130*0.34~CLP*0001234*1*673.29*0.34*87.61*13*2517739575763549110~NM1*QC*1*JACKSON*LEROY****MI*G0301432801~REF*CE*MEDDHIF000~DTM*232*20250626~SVC*N4:60505614804*673.29*0.34**14~CAS*CO*90*647.34**91*-62**130*-0.34**130*0.34~CAS*PR*3*87.61~CLP*0001234*22*-673.29*-0.34**13*2517739575763549110~NM1*QC*1*JACKSON*LEROY****MI*G0301432801~REF*CE*MEDDHIF000~DTM*232*20250626~SVC*N4:60505614804*-673.29*-0.34**-14~CAS*CO*90*-647.34**91*62**130*0.34**130*-0.34~CAS*CO*3*-87.61~CLP*0001234*1*40.45*38.85*1.60*13*2517739575763549110~NM1*QC*1*GUEVARA*MARIA****MI*GA338613201~REF*CE*MEDDHIF000~DTM*232*20250626~SVC*N4:60505614205*40.45*38.85**4~CAS*CO*90*28.77**91*-28.77~CAS*PR*3*1.60~CLP*0001234*22*-40.45*-38.85**13*2517739575763549110~NM1*QC*1*GUEVARA*MARIA****MI*GA338613201~REF*CE*MEDDHIF000~DTM*232*20250626~SVC*N4:60505614205*-40.45*-38.85**-4~CAS*CO*90*-28.77**91*28.77~CAS*CO*3*-1.60~CLP*0001234*4*40.45*0**13*2517739575763549110~NM1*QC*1*GUEVARA*MARIA****MI*GA338613201~DTM*232*20250626~SVC*N4:00000000000*40.45*0**4~CAS*CO*90*40.45~LQ*RX*83~CLP*0001234*1*84.86*63.24*1.60*13*2517739575763549110~NM1*QC*1*GUEVARA*MARIA****MI*GA338613201~REF*CE*MEDDHIF000~DTM*232*20250626~SVC*N4:00338004938*84.86*63.24**21~CAS*CO*90*82.02**91*-62~CAS*PR*3*1.60~CLP*0001234*22*-84.86*-63.24**13*2517739575763549110~NM1*QC*1*GUEVARA*MARIA****MI*GA338613201~REF*CE*MEDDHIF000~DTM*232*20250626~SVC*N4:00338004938*-84.86*-63.24**-21~CAS*CO*90*-82.02**91*62~CAS*CO*3*-1.60~CLP*0001234*1*66.57*63.24*1.60*13*2517739575763549110~NM1*QC*1*GUEVARA*MARIA****MI*GA338613201~REF*CE*MEDDHIF000~DTM*232*20250626~SVC*N4:00338004938*66.57*63.24**14~CAS*CO*90*63.74**91*-62**95*-0.01~CAS*PR*3*1.60~CLP*0001234*22*-66.57*-63.24**13*2517739575763549110~NM1*QC*1*GUEVARA*MARIA****MI*GA338613201~REF*CE*MEDDHIF000~DTM*232*20250626~SVC*N4:00338004938*-66.57*-63.24**-14~CAS*CO*90*-63.74**91*62**95*0.01~CAS*CO*3*-1.60~CLP*10414478*1*8307.14*6811.90**13*2517740758802129110~NM1*QC*1*SCHWARTZ*MARK****MI*GA728678401~REF*CE*MDR1S100S2~DTM*232*20250626~SVC*N4:00074055402*8307.14*6811.90**2~CAS*CO*90*1495.29**91*-0.05**130*-0.34**130*0.34~CLP*0570282*4*17479.73*0**13*2517743554151229490~NM1*QC*1*RAWSKI*DOROTHY****MI*G6C28140501~DTM*232*20250626~SVC*N4:57894064011*17479.73*0**1~CAS*CO*90*17479.73~LQ*RX*75~LQ*RX*569~CLP*0570282*4*17479.73*0**13*2517743554151229490~NM1*QC*1*RAWSKI*DOROTHY****MI*G6C28140501~DTM*232*20250626~SVC*N4:57894064011*17479.73*0**1~CAS*CO*90*17479.73~LQ*RX*75~LQ*RX*569~CLP*10406908*1*6390.49*5046.97**13*2517744064061842342~NM1*QC*1*BOWEN*PAMELA****MI*71007719 01~REF*CE*MDR0S02025~DTM*232*20250626~SVC*N4:55513013760*6390.49*5046.97**60~CAS*CO*90*1341.57**91*1.95**130*-0.34**130*0.34~CLP*10423012*1*16036.80*13631.33**13*2517746231990759110~NM1*QC*1*FOX*WILLARD****MI*GA727006601~REF*CE*MDR1S100S2~DTM*232*20250626~SVC*N4:63020039002*16036.80*13631.33**3~CAS*CO*90*2405.52**91*-0.05**130*-0.34**130*0.34~CLP*10423120*1*3398.69*2668.66*30*13*2517746235162359448~NM1*QC*1*BUCK*DARLENE****MI*G2C67681701~REF*CE*MDR0S02025~DTM*232*20250626~SVC*N4:50242022701*3398.69*2668.66**2~CAS*CO*90*700.13**91*-0.1**130*-0.34**130*0.34~CAS*PR*3*30~CLP*10417206*1*11050.61*101.98*12*13*2517747671532319448~NM1*QC*1*DEICHMILLER*HENRY****MI*G6C61096601~REF*CE*MDR0S02025~DTM*232*20250626~SVC*N4:60505432701*11050.61*101.98**120~CAS*CO*90*10936.73**91*-0.1**130*-0.34**130*0.34~CAS*PR*3*12~CLP*10416357*1*20800.82*10380.34**13*2517748944643309110~NM1*QC*1*UNGER*GEORGE****MI*G9C35698701~REF*CE*MDR1S100S2~DTM*232*20250626~SVC*N4:70710174503*20800.82*10380.34**30~CAS*CO*90*10420.53**91*-0.05**130*-0.34**130*0.34~CLP*10386342*1*7287.77*5976.02**13*2517750172100479110~NM1*QC*1*FARBER*SUSAN****MI*GA662603301~REF*CE*MDR1S100S2~DTM*232*20250626~SVC*N4:00069050130*7287.77*5976.02**30~CAS*CO*90*1311.80**91*-0.05**130*-0.34**130*0.34~CLP*0570379*1*1552.45*1210.09**13*2517752897642742342~NM1*QC*1*PONTIS*ANNEMARIE****MI*22570641 01~REF*CE*MDE0S02025~DTM*232*20250626~SVC*N4:00023114501*1552.45*1210.09**2~CAS*CO*90*340.31**91*2.05~CLP*0570379*22*-1552.45*-1210.09**13*2517752897642742342~NM1*QC*1*PONTIS*ANNEMARIE****MI*22570641 01~REF*CE*MDE0S02025~DTM*232*20250626~SVC*N4:00023114501*-1552.45*-1210.09**-2~CAS*CO*90*-340.31**91*-2.05~CLP*10423125*1*13954.51*11024.16**13*25177542837227591AG~NM1*QC*1*GRIFFIN*GARY****MI*GA562412201~REF*CE*MDR0S02025~DTM*232*20250626~SVC*N4:64842102002*13954.51*11024.16**40~CAS*CO*90*2930.45**91*-0.1**130*-0.34**130*0.34~CLP*10405265*1*10932.23*45.76**13*2517754284591539448~NM1*QC*1*CARNICELLA*ANTHONY****MI*G2C64087101~REF*CE*MDR0S02025~DTM*232*20250626~SVC*N4:59651024130*10932.23*45.76**30~CAS*CO*90*10886.57**91*-0.1**130*-0.34**130*0.34~CLP*10422916*1*31561.43*26827.27**13*2517755850191319110~NM1*QC*1*FLYNN*THOMAS****MI*GA736422501~REF*CE*MDR1S100S2~DTM*232*20250626~SVC*N4:42388002546*31561.43*26827.27**30~CAS*CO*90*4734.21**91*-0.05**130*-0.34**130*0.34~CLP*0570421*1*4794.07*3785.80**13*2517756154121782342~NM1*QC*1*VO*NAM****MI*22707759 01~REF*CE*MDR0S02025~DTM*232*20250626~SVC*N4:00024591502*4794.07*3785.80**4~CAS*CO*90*1006.32**91*1.95~CLP*0570421*22*-4794.07*-3785.80**13*2517756154121782342~NM1*QC*1*VO*NAM****MI*22707759 01~REF*CE*MDR0S02025~DTM*232*20250626~SVC*N4:00024591502*-4794.07*-3785.80**-4~CAS*CO*90*-1006.32**91*-1.95~CLP*0570438*1*20832*17707.31**13*2517757931090799110~NM1*QC*1*MONEY WALDMAN*MARY****MI*99814351901~REF*CE*MDR1S100S2~DTM*232*20250626~SVC*N4:00310066812*20832*17707.31**120~CAS*CO*90*3124.74**91*-0.05~CLP*0570438*22*-20832*-17707.31**13*2517757931090799110~NM1*QC*1*MONEY WALDMAN*MARY****MI*99814351901~REF*CE*MDR1S100S2~DTM*232*20250626~SVC*N4:00310066812*-20832*-17707.31**-120~CAS*CO*90*-3124.74**91*0.05~CLP*0572489*4*1270.45*0**13*2518432094972502339~NM1*QC*1*HUNTER*JOURNEY****MI*12956177501~DTM*232*20250703~SVC*N4:15054053006*1270.45*0**2~CAS*CO*90*1268.40**91*2.05~LQ*RX*76~LQ*RX*19~CLP*0572491*4*1058.65*0**13*2518432126402592339~NM1*QC*1*HUNTER*JOURNEY****MI*12956177501~DTM*232*20250703~SVC*N4:15054050001*1058.65*0**1~CAS*CO*90*1056.60**91*2.05~LQ*RX*76~LQ*RX*19~CLP*0572685*4*1270.45*0**13*2518445317740532339~NM1*QC*1*HUNTER*JOURNEY****MI*12956177501~DTM*232*20250703~SVC*N4:15054053006*1270.45*0**2~CAS*CO*90*1268.40**91*2.05~LQ*RX*70~LQ*RX*76~LQ*RX*19~CLP*0564984*4*8307.14*0**13*251622930150848775C~NM1*QC*1*CONKLIN*TAMMY****MI*10174239300~DTM*232*20250611~SVC*N4:00074055402*8307.14*0**2~CAS*CO*90*8307.14**130*-0.32**130*0.32~LQ*RX*70~LQ*RX*MR~CLP*0565360*1*8307.14*0*7185.68*13*2516257221987387700~NM1*QC*1*MARTIN*ELISA****MI*80506167001~REF*CE*SP+A0+1201~DTM*232*20250611~SVC*N4:00074055402*8307.14*0**2~CAS*CO*90*1121.46**130*-0.32**130*0.32~CAS*PR*3*7185.68~CLP*0565360*22*-8307.14*0**13*2516257221987387700~NM1*QC*1*MARTIN*ELISA****MI*80506167001~REF*CE*SP+A0+1201~DTM*232*20250611~SVC*N4:00074055402*-8307.14*0**-2~CAS*CO*90*-1121.46**130*-0.32**130*0.32~CAS*CO*3*-7185.68~CLP*0570042*1*2250.52*1777.96**13*251772520672844771J~NM1*QC*1*HOOVER*ROBERTA C****MI*10156055300~REF*CE*MDE1S100SB~DTM*232*20250626~SVC*N4:55513071021*2250.52*1777.96**1~CAS*CO*90*472.61**91*-0.05~CLP*0570042*22*-2250.52*-1777.96**13*251772520672844771J~NM1*QC*1*HOOVER*ROBERTA C****MI*10156055300~REF*CE*MDE1S100SB~DTM*232*20250626~SVC*N4:55513071021*-2250.52*-1777.96**-1~CAS*CO*90*-472.61**91*0.05~CLP*10414849*1*9789.12*7831.35**13*251772736018820771J~NM1*QC*1*ADAMS*TRENTON M****MI*10203472600~REF*CE*MDR1S100SB~DTM*232*20250626~SVC*N4:58406003204*9789.12*7831.35**4~CAS*CO*90*1957.82**91*-0.05**130*-0.34**130*0.34~CLP*10408538*1*16614.28*13291.47**13*251772736092741771J~NM1*QC*1*MCDONALD*RICHARD R****MI*10181931300~REF*CE*MDR1S100SB~DTM*232*20250626~SVC*N4:00074055402*16614.28*13291.47**4~CAS*CO*90*3322.86**91*-0.05**130*-0.34**130*0.34~CLP*10418905*1*8307.14*6811.90**13*251772736160852771J~NM1*QC*1*STEINER*FRANK****MI*10217112500~REF*CE*MDR1S100S2~DTM*232*20250626~SVC*N4:00074055402*8307.14*6811.90**2~CAS*CO*90*1495.29**91*-0.05**130*-0.34**130*0.34~CLP*10420303*1*18994.98*16145.78**13*251772786057753772V~NM1*QC*1*WITT*DEBRA****MI*10152065100~REF*CE*MDR1S100S2~DTM*232*20250625~SVC*N4:00310351260*18994.98*16145.78**60~CAS*CO*90*2849.25**91*-0.05**130*-0.34**130*0.34~CLP*10411095*1*11649*1321.23*440.29*13*251772798046755771J~NM1*QC*1*ROZENEK*GERALD****MI*10156503600~REF*CE*MDR1S100S2~DTM*232*20250626~SVC*N4:72205003092*11649*1321.23**120~CAS*CO*90*9887.53**91*-0.05**130*-0.34**130*0.34~CAS*PR*3*440.29~CLP*10416691*1*7016.46*5964.04**13*251772941342854771J~NM1*QC*1*HAIRSTON*GLORIA****MI*10199474400~REF*CE*MDR1S100SB~DTM*232*20250626~SVC*N4:00310173030*7016.46*5964.04**1~CAS*CO*90*1052.47**91*-0.05**130*-0.34**130*0.34~CLP*0570098*1*4748.03*2100.30**13*251772994028817771M~NM1*QC*1*MONNOT*ETHEL****MI*10111298900~REF*CE*MDR1S100S2~DTM*232*20250626~SVC*N4:60505618800*4748.03*2100.30**2.24~CAS*CO*90*2647.78**91*-0.05~CLP*0570098*22*-4748.03*-2100.30**13*251772994028817771M~NM1*QC*1*MONNOT*ETHEL****MI*10111298900~REF*CE*MDR1S100S2~DTM*232*20250626~SVC*N4:60505618800*-4748.03*-2100.30**-2.24~CAS*CO*90*-2647.78**91*0.05~CLP*0570106*1*6754.20*5403.31**13*251773032466748771J~NM1*QC*1*MILLER*LYNETTE****MI*10152510500~REF*CE*MDR1S100SB~DTM*232*20250626~SVC*N4:68546017160*6754.20*5403.31**60~CAS*CO*90*1350.94**91*-0.05~CLP*0570106*22*-6754.20*-5403.31**13*251773032466748771J~NM1*QC*1*MILLER*LYNETTE****MI*10152510500~REF*CE*MDR1S100SB~DTM*232*20250626~SVC*N4:68546017160*-6754.20*-5403.31**-60~CAS*CO*90*-1350.94**91*0.05~CLP*10422836*1*4559.39*3875.53**13*251773051936738771M~NM1*QC*1*MALEGO*LOUISE****MI*10126679900~REF*CE*MDR1S100SG~DTM*232*20250626~SVC*N4:00173089201*4559.39*3875.53**1~CAS*CO*90*683.91**91*-0.05**130*-0.34**130*0.34~CLP*10413275*1*4792.03*3833.67**13*251773052318855771J~NM1*QC*1*STEWART*CHERYL****MI*10119958800~REF*CE*MDR1S100SB~DTM*232*20250626~SVC*N4:00024591502*4792.03*3833.67**4~CAS*CO*90*958.41**91*-0.05**130*-0.34**130*0.34~CLP*0570114*4*17104.80*0**13*251773081476748771M~NM1*QC*1*TAMSKI*JAMES****MI*10105433501~DTM*232*20250626~SVC*N4:50419039501*17104.80*0**120~CAS*CO*90*17104.80~LQ*RX*75~LQ*RX*569~CLP*0570115*4*849.67*0**13*251773091209745771J~NM1*QC*1*MUSKIC*MEHO****MI*10197387600~DTM*232*20250626~SVC*N4:50242021455*849.67*0**0.50~CAS*CO*90*849.67~LQ*RX*41~LQ*RX*569~CLP*10412565*1*6754.08*5403.31**13*251773130398748771J~NM1*QC*1*MILLER*LYNETTE****MI*10152510500~REF*CE*MDR1S100SB~DTM*232*20250626~SVC*N4:68546017160*6754.08*5403.31**60~CAS*CO*90*1350.82**91*-0.05**130*-0.34**130*0.34~CLP*10397749*1*4748.03*2100.30**13*251773146236815771M~NM1*QC*1*MONNOT*ETHEL****MI*10111298900~REF*CE*MDR1S100S2~DTM*232*20250626~SVC*N4:60505618800*4748.03*2100.30**2.24~CAS*CO*90*2647.78**91*-0.05**130*-0.34**130*0.34~CLP*0835463*1*124.11*37.01**13*251773154910824771M~NM1*QC*1*GARDNER*EMILY****MI*10197117700~REF*CE*MEDDHIF000~DTM*232*20250617~SVC*N4:00338004904*124.11*37.01**7000~CAS*CO*90*89.10**91*-2**130*-0.34**130*0.34~CLP*0829619*1*37341.72*10857.98**13*251773155553705771M~NM1*QC*1*GARDNER*EMILY****MI*10197117700~REF*CE*MEDDHIF000~DTM*232*20250619~SVC*N4:00074501501*37341.72*10857.98**10~CAS*CO*90*26485.24**91*-1.5**130*-0.34**130*0.34~CLP*10422930*1*17886.92*15203.93**13*251773204369703771J~NM1*QC*1*SWEDA*DAVID****MI*10161734800~REF*CE*MDR1S100S2~DTM*232*20250626~SVC*N4:00469062599*17886.92*15203.93**120~CAS*CO*90*2683.04**91*-0.05**130*-0.34**130*0.34~CLP*0570147*1*9789.12*7831.35**13*251773316079718771J~NM1*QC*1*PATTERSON*BRITTANY****MI*10180546500~REF*CE*MDR1S100SB~DTM*232*20250626~SVC*N4:58406002104*9789.12*7831.35**4~CAS*CO*90*1957.82**91*-0.05~CLP*0570147*22*-9789.12*-7831.35**13*251773316079718771J~NM1*QC*1*PATTERSON*BRITTANY****MI*10180546500~REF*CE*MDR1S100SB~DTM*232*20250626~SVC*N4:58406002104*-9789.12*-7831.35**-4~CAS*CO*90*-1957.82**91*0.05~CLP*0570149*1*17887.20*15203.93**13*251773318296739771J~NM1*QC*1*COLLINS*VINCENT****MI*10178794300~REF*CE*MDR1S100SB~DTM*232*20250626~SVC*N4:00469062599*17887.20*15203.93**120~CAS*CO*90*2683.32**91*-0.05~CLP*0570149*22*-17887.20*-15203.93**13*251773318296739771J~NM1*QC*1*COLLINS*VINCENT****MI*10178794300~REF*CE*MDR1S100SB~DTM*232*20250626~SVC*N4:00469062599*-17887.20*-15203.93**-120~CAS*CO*90*-2683.32**91*0.05~CLP*10422946*1*17886.92*15203.93**13*251773372490762771J~NM1*QC*1*COLLINS*VINCENT****MI*10178794300~REF*CE*MDR1S100SB~DTM*232*20250626~SVC*N4:00469062599*17886.92*15203.93**120~CAS*CO*90*2683.04**91*-0.05**130*-0.34**130*0.34~CLP*10405784*1*16036.80*13631.33**13*251773459674822771M~NM1*QC*1*MITKO*JAMES****MI*10107324700~REF*CE*MDR1S100S2~DTM*232*20250626~SVC*N4:63020039002*16036.80*13631.33**3~CAS*CO*90*2405.52**91*-0.05**130*-0.34**130*0.34~CLP*10422480*4*11649*0**13*251773474504843771J~NM1*QC*1*MOLLICA*ROSARIO****MI*10106108400~DTM*232*20250626~SVC*N4:72205003092*11649*0**120~CAS*CO*90*11649~LQ*RX*79~CLP*0570181*1*8307.14*6811.90**13*251773493455827771M~NM1*QC*1*HAWN*NELLIE****MI*10202232800~REF*CE*MDR1S100S2~DTM*232*20250626~SVC*N4:00074055402*8307.14*6811.90**2~CAS*CO*90*1495.29**91*-0.05~CLP*0570181*22*-8307.14*-6811.90**13*251773493455827771M~NM1*QC*1*HAWN*NELLIE****MI*10202232800~REF*CE*MDR1S100S2~DTM*232*20250626~SVC*N4:00074055402*-8307.14*-6811.90**-2~CAS*CO*90*-1495.29**91*0.05~CLP*10405937*1*9789.12*8027.13**13*251773567036705771M~NM1*QC*1*EVERETT*MAUREEN****MI*10177810300~REF*CE*MDR1S100S2~DTM*232*20250626~SVC*N4:58406003204*9789.12*8027.13**4~CAS*CO*90*1762.04**91*-0.05**130*-0.34**130*0.34~CLP*10417995*1*20319.06*17271.25**13*251773582705728771J~NM1*QC*1*TODD*SUSAN****MI*10105879900~REF*CE*MDR1S100S2~DTM*232*20250626~SVC*N4:57962042028*20319.06*17271.25**28~CAS*CO*90*3047.86**91*-0.05**130*-0.34**130*0.34~CLP*10403516*1*10932.23*2658.91**13*251773613608836771M~NM1*QC*1*WEAKLAND*LARRY****MI*10154590400~REF*CE*MDR1S100S2~DTM*232*20250626~SVC*N4:59651024130*10932.23*2658.91**30~CAS*CO*90*8273.37**91*-0.05**130*-0.34**130*0.34~CLP*10418475*1*8307.14*6811.90**13*251773613666864771M~NM1*QC*1*HAWN*NELLIE****MI*10202232800~REF*CE*MDR1S100S2~DTM*232*20250626~SVC*N4:00074055402*8307.14*6811.90**2~CAS*CO*90*1495.29**91*-0.05**130*-0.34**130*0.34~CLP*10423044*1*9789.12*7831.35**13*251773620198864771J~NM1*QC*1*PATTERSON*BRITTANY****MI*10180546500~REF*CE*MDR1S100SB~DTM*232*20250626~SVC*N4:58406002104*9789.12*7831.35**4~CAS*CO*90*1957.82**91*-0.05**130*-0.34**130*0.34~CLP*10423044*22*-9789.12*-7831.35**13*251773620198864771J~NM1*QC*1*PATTERSON*BRITTANY****MI*10180546500~REF*CE*MDR1S100SB~DTM*232*20250626~SVC*N4:58406002104*-9789.12*-7831.35**-4~CAS*CO*90*-1957.82**91*0.05**130*0.34**130*-0.34~CLP*10423044*1*2447.28*1957.87**13*251773620198864771J~NM1*QC*1*PATTERSON*BRITTANY****MI*10180546500~REF*CE*MDR1S100SB~DTM*232*20250626~SVC*N4:58406002104*2447.28*1957.87**1~CAS*CO*90*489.46**91*-0.05~CLP*10423044*22*-2447.28*-1957.87**13*251773620198864771J~NM1*QC*1*PATTERSON*BRITTANY****MI*10180546500~REF*CE*MDR1S100SB~DTM*232*20250626~SVC*N4:58406002104*-2447.28*-1957.87**-1~CAS*CO*90*-489.46**91*0.05~CLP*10422829*1*7079*4148.49*1868.71*13*251773648208716771J~NM1*QC*1*ZOTTOLA*LINDA****MI*10147571300~REF*CE*MDR1S100S2~DTM*232*20250626~SVC*N4:66658023407*7079*4148.49**18.76~CAS*CO*90*1061.85**91*-0.05**130*-0.34**130*0.34~CAS*PR*3*1868.71~CLP*10418351*1*16614.28*13623.76**13*251773733179843771J~NM1*QC*1*ALEXANDER*RONALD****MI*10156892300~REF*CE*MDR1S100S2~DTM*232*20250626~SVC*N4:00074055402*16614.28*13623.76**4~CAS*CO*90*2990.57**91*-0.05**130*-0.34**130*0.34~CLP*10422904*1*8307.14*6811.90**13*251773834605828771M~NM1*QC*1*WEAVER*MICHAEL****MI*10108753800~REF*CE*MDR1S100S2~DTM*232*20250626~SVC*N4:00074055402*8307.14*6811.90**2~CAS*CO*90*1495.29**91*-0.05**130*-0.34**130*0.34~CLP*10406998*1*19754.40*16791.29**13*251773893968855771J~NM1*QC*1*RUSSELL*CHERE****MI*10106799000~REF*CE*MDR1S100S2~DTM*232*20250626~SVC*N4:00069028403*19754.40*16791.29**21~CAS*CO*90*2963.16**91*-0.05**130*-0.34**130*0.34~CLP*10417738*1*10932.23*2658.91**13*251773901129840771J~NM1*QC*1*HOSTETLER*BONNIE****MI*10117992100~REF*CE*MDR1S100S2~DTM*232*20250626~SVC*N4:59651024130*10932.23*2658.91**30~CAS*CO*90*8273.37**91*-0.05**130*-0.34**130*0.34~CLP*0570249*4*1298.25*0**13*251774003988865771J~NM1*QC*1*CABLE*TERRIE****MI*10216578400~DTM*232*20250626~SVC*N4:55566410001*1298.25*0**6~CAS*CO*90*1298.25~LQ*RX*75~LQ*RX*569~CLP*0570273*1*17479.73*14321.28*12.15*13*251774202631838772D~NM1*QC*1*LITTLE*LUANN****MI*10155467900~REF*CE*MDE1S100S2~DTM*232*20250626~SVC*N4:57894064001*17479.73*14321.28**1~CAS*CO*90*3146.35**91*-0.05~CAS*PR*3*12.15~CLP*0570273*22*-17479.73*-14321.28**13*251774202631838772D~NM1*QC*1*LITTLE*LUANN****MI*10155467900~REF*CE*MDE1S100S2~DTM*232*20250626~SVC*N4:57894064001*-17479.73*-14321.28**-1~CAS*CO*90*-3146.35**91*0.05~CAS*CO*3*-12.15~CLP*10422998*1*4792.03*3929.51**13*251774258963730771J~NM1*QC*1*LONIE*ROBERT****MI*10152072900~REF*CE*MDR1S100S2~DTM*232*20250626~SVC*N4:00024591401*4792.03*3929.51**4~CAS*CO*90*862.57**91*-0.05**130*-0.34**130*0.34~CLP*10397779*1*3154.70*2586.90**13*251774367166843771M~NM1*QC*1*PURNELL*KAREN****MI*10109663700~REF*CE*MDR1S100S2~DTM*232*20250626~SVC*N4:55513099802*3154.70*2586.90**2.34~CAS*CO*90*567.85**91*-0.05**130*-0.34**130*0.34~CLP*0570291*4*1298.25*0**13*251774396772756771J~NM1*QC*1*KALTENBAUGH*JAY****MI*10167840100~DTM*232*20250626~SVC*N4:55566410001*1298.25*0**6~CAS*CO*90*1298.25~LQ*RX*75~LQ*RX*569~CLP*10388791*1*8103.32*6644.77**13*251774531977759771J~NM1*QC*1*COMADENA*THERESA****MI*10108217300~REF*CE*MDR1S100S2~DTM*232*20250626~SVC*N4:00074230630*8103.32*6644.77**30~CAS*CO*90*1458.60**91*-0.05**130*-0.34**130*0.34~CLP*10423117*1*20832.07*15971.92*1735.39*13*251774623391734771M~NM1*QC*1*RECUPERO*JAMES****MI*10107864100~REF*CE*MDR1S100S2~DTM*232*20250626~SVC*N4:00310067912*20832.07*15971.92**120~CAS*CO*90*3124.81**91*-0.05**130*-0.34**130*0.34~CAS*PR*3*1735.39~CLP*10423121*1*17479.73*14321.28*12.15*13*251774686571716772D~NM1*QC*1*LITTLE*LUANN****MI*10155467900~REF*CE*MDE1S100S2~DTM*232*20250626~SVC*N4:57894064001*17479.73*14321.28**1~CAS*CO*90*3146.35**91*-0.05~CAS*PR*3*12.15~CLP*10423121*22*-17479.73*-14321.28**13*251774686571716772D~NM1*QC*1*LITTLE*LUANN****MI*10155467900~REF*CE*MDE1S100S2~DTM*232*20250626~SVC*N4:57894064001*-17479.73*-14321.28**-1~CAS*CO*90*-3146.35**91*0.05~CAS*CO*3*-12.15~CLP*10398460*1*4792.03*3833.67**13*251774796208860771J~NM1*QC*1*STEINITZ*HUNTER****MI*10153704400~REF*CE*MDR1S100SB~DTM*232*20250626~SVC*N4:00024591401*4792.03*3833.67**4~CAS*CO*90*958.41**91*-0.05**130*-0.34**130*0.34~CLP*10422695*4*11649*0**13*251774875799725771J~NM1*QC*1*ESROM*BAMPOREYE****MI*10171856700~DTM*232*20250626~SVC*N4:72205003092*11649*0**120~CAS*CO*90*11649~LQ*RX*79~CLP*10423118*1*14513.62*12336.62**13*251774875914724771J~NM1*QC*1*CANCILLA*KATHERINE****MI*10210582000~REF*CE*MDR1S100S2~DTM*232*20250626~SVC*N4:57962014009*14513.62*12336.62**60~CAS*CO*90*2177.05**91*-0.05**130*-0.34**130*0.34~CLP*0570373*1*29979.90*25482.71**13*251775186731867771J~NM1*QC*1*HUGHES*JAMES****MI*10105605600~REF*CE*MDR1S100SB~DTM*232*20250626~SVC*N4:62856071830*29979.90*25482.71**90~CAS*CO*90*4497.24**91*-0.05~CLP*0570373*22*-29979.90*-25482.71**13*251775186731867771J~NM1*QC*1*HUGHES*JAMES****MI*10105605600~REF*CE*MDR1S100SB~DTM*232*20250626~SVC*N4:62856071830*-29979.90*-25482.71**-90~CAS*CO*90*-4497.24**91*0.05~CLP*10422424*1*18744.74*15933.08**13*251775377863720771M~NM1*QC*1*FLOWERS*WALTER****MI*10137645700~REF*CE*MDR1S100SG~DTM*232*20250626~SVC*N4:00074057622*18744.74*15933.08**120~CAS*CO*90*2811.71**91*-0.05**130*-0.34**130*0.34~CLP*10407982*1*13415.19*11402.96**13*251775550745715771J~NM1*QC*1*SEELYE*JAMES****MI*10108639400~REF*CE*MDR1S100S2~DTM*232*20250626~SVC*N4:00469062599*13415.19*11402.96**90~CAS*CO*90*2012.28**91*-0.05**130*-0.34**130*0.34~CLP*10419763*1*9789.12*7831.35**13*251776134333763771J~NM1*QC*1*JENKINS*DEBRA****MI*10176381800~REF*CE*MDR1S100SB~DTM*232*20250626~SVC*N4:58406003204*9789.12*7831.35**4~CAS*CO*90*1957.82**91*-0.05**130*-0.34**130*0.34~PLB*1033166244*20251231*AH:43*25.84~SE*1119*0453~GE*1*453~IEA*1*000000453~