ISA*00*1234567890*00*1234567890*14*7906630900001  *30*251729714      *240817*2144*^*00501*000000357*0*P*:~GS*HP*7906630900001*251729714*20240817*2144*357*X*005010X221A1~ST*835*0357~BPR*I*2239197.63*C*ACH*CCP*01*041203824*DA*9628000813*1752882129*000000001*01*043000261*DA*0304215*20240821~TRN*1*2500375646*1752882129*000000001~REF*EV*251729714~DTM*405*20240817~N1*PR*CAREMARK~N3*9501 E. Shea Blvd.~N4*SCOTTSDALE*AZ*852606719~PER*CX*PHARMACY HELP DESK*TE*8003455413~PER*BL*CVS/CAREMARK*EM*Caremark.835@CVSHealth.com~PER*IC**UR*www.rxservices.cvscaremark.com~N1*PE*CHARTWELL PENNSYLVANIA*XX*1033166244~N3*1001 OAKDALE RD~N4*OAKDALE*PA*15071~LX*396348~TS3*1033166244*99*20241231*778*6001253.17~CLP*0774527*4*120.66*0**13*2409630393650962342~NM1*QC*1*MEDINA*JOHNNY****MI*71006338 01~DTM*232*20240401~SVC*N4:00000000000*120.66*0**75.90~CAS*CO*90*120.66~LQ*RX*81~LQ*RX*569~CLP*0777261*4*1394.43*0**13*2412830645571092338~NM1*QC*1*YOUNG*ALICIA****MI*00409386 01~DTM*232*20240429~SVC*N4:00000000000*1394.43*0**1~CAS*CO*90*1394.43**130*-0.32**130*0.32~LQ*RX*83~CLP*0782260*4*2124.99*0**13*2415632620940513413~NM1*QC*1*HARTUNG*VERA****MI*89021620401~DTM*232*20240529~SVC*N4:00338004904*2124.99*0**5~CAS*CO*90*2124.99~LQ*RX*70~CLP*0782681*4*439.18*0**13*2415632673851403413~NM1*QC*1*HARTUNG*VERA****MI*89021620401~DTM*232*20240602~SVC*N4:00338004904*439.18*0**1~CAS*CO*90*439.18~LQ*RX*70~CLP*0783155*4*2967.89*0**13*2415925750703523413~NM1*QC*1*HARTUNG*VERA****MI*89021620401~DTM*232*20240604~SVC*N4:00338004904*2967.89*0**7~CAS*CO*90*2967.89~LQ*RX*70~CLP*0783841*1*450.27*118.06*29.43*13*2416528483103072342~NM1*QC*1*HARRIS*LISA****MI*71002529 01~REF*CE*MEDDHIF000~DTM*232*20240610~SVC*N4:00143970801*450.27*118.06**450.27~CAS*CO*90*364.78**91*-62**130*-0.34**130*0.34~CAS*PR*3*29.43~CLP*0783841*1*756.54*209.24*52.23*13*2417743632982612342~NM1*QC*1*HARRIS*LISA****MI*71002529 01~REF*CE*MEDDHIF000~DTM*232*20240617~SVC*N4:00143970801*756.54*209.24**1428~CAS*CO*90*557.07**91*-62**130*-0.34**130*0.34~CAS*PR*3*52.23~CLP*0774438*4*5489.33*0**13*2420033670850422338~NM1*QC*1*AARHUS*DORIS****MI*22659739 01~DTM*232*20240716~SVC*N4:44206043820*5489.33*0**400~CAS*CO*90*5489.33**130*-0.32**130*0.32~LQ*RX*83~CLP*0774439*4*2744.66*0**13*2420033693970742338~NM1*QC*1*AARHUS*DORIS****MI*22659739 01~DTM*232*20240716~SVC*N4:44206043710*2744.66*0**200~CAS*CO*90*2744.66**130*-0.32**130*0.32~LQ*RX*83~CLP*10335866*1*3759.38*3754.33*3*13*2420433488470292338~NM1*QC*1*FERGUSON*JAMES****MI*00962976 01~REF*CE*CMKPA21007~DTM*232*20240722~SVC*N4:50242010040*3759.38*3754.33**75~CAS*CO*91*2.05**130*-0.32**130*0.32~CAS*PR*3*3~CLP*0750583*4*229216.44*0**13*242052083075171~NM1*QC*1*KLOCK*KYLIE****MI*000000000~DTM*232*20240106~SVC*N4:58468016001*229216.44*0**68~CAS*CO*90*229216.44**130*-0.32**130*0.32~LQ*RX*81~CLP*0789280*4*144.37*0**13*2420525274840972342~NM1*QC*1*NOLEN*BRIDGET****MI*22561513 01~DTM*232*20240719~SVC*N4:00000000000*144.37*0**1.50~CAS*CO*90*144.37~LQ*RX*04~CLP*0776094*1*5635.68*5632.68*3*13*2420525334273392338~NM1*QC*1*INGBRITSEN*JESSICA****MI*22484518 01~REF*CE*CMKPA21007~DTM*232*20240718~SVC*N4:44206045510*5635.68*5632.68**200~CAS*CO*130*-0.32**130*0.32~CAS*PR*3*3~CLP*0789112*1*100.86*74**13*2420525381873582338~NM1*QC*1*HUYNH*HUNG****MI*22276804 01~REF*CE*CMKPA21007~DTM*232*20240718~SVC*N4:63323011768*100.86*74**67.90~CAS*CO*90*92.86**91*-66**130*-0.32**130*0.32~CLP*0788885*1*114626.16*32767*3*13*2420525471751682338~NM1*QC*1*HAGERTY BONO*ELIZABETH****MI*27140167 01~REF*CE*CMKPA21007~DTM*232*20240718~SVC*N4:75987013015*114626.16*32767**2~CAS*CO*90*81862.16**91*-6**130*-0.32**130*0.32~CAS*PR*3*3~CLP*0773414*1*53.19*11.94*1*13*2420525658502562338~NM1*QC*1*OLSON*DANA****MI*23024509 01~REF*CE*CMKPA21007~DTM*232*20240718~SVC*N4:00338004904*53.19*11.94**3000~CAS*CO*90*45.88**91*-5.63**130*-0.32**130*0.32~CAS*PR*3*1~CLP*0788964*1*100.86*75.37**13*2420525684023422338~NM1*QC*1*IQBAL*AMATUL****MI*22347368 01~REF*CE*CMKPA21007~DTM*232*20240718~SVC*N4:63323011768*100.86*75.37**97~CAS*CO*90*91.49**91*-66**130*-0.32**130*0.32~CLP*0788964*4*100.86*0**13*242052568402342~NM1*QC*1*IQBAL*AMATUL****MI*000000000~NM1*IL*1*NOT ON FILE*NOT ON FILE****MI*000000000~DTM*232*20240718~SVC*N4:00000000000*100.86*0**97~CAS*CO*90*100.86**130*-0.32**130*0.32~LQ*RX*52~LQ*RX*06~CLP*0786362*4*1210.34*0**13*2420525724620182338~NM1*QC*1*GOETZ*ROCHELLE****MI*22090215 01~DTM*232*20240719~SVC*N4:00409139122*1210.34*0**16~CAS*CO*90*1210.34**130*-0.32**130*0.32~LQ*RX*76~CLP*0788431*4*900.54*0**13*2420525760780942338~NM1*QC*1*OLMO*IRIS****MI*22992682 01~DTM*232*20240719~SVC*N4:00143970801*900.54*0**252~CAS*CO*90*900.54**130*-0.32**130*0.32~LQ*RX*70~LQ*RX*MR~LQ*RX*70~CLP*0789450*4*756.54*0**13*2420525792331232338~NM1*QC*1*ROBINSON*NIESHIA****MI*22740571 01~DTM*232*20240721~SVC*N4:00143970801*756.54*0**234~CAS*CO*90*756.54**130*-0.32**130*0.32~LQ*RX*70~LQ*RX*MR~LQ*RX*70~CLP*0789450*4*756.54*0**13*2420525792331232338~NM1*QC*1*ROBINSON*NIESHIA****MI*22740571 01~DTM*232*20240721~SVC*N4:00143970801*756.54*0**234~CAS*CO*90*756.54**130*-0.32**130*0.32~LQ*RX*70~LQ*RX*MR~LQ*RX*70~CLP*0789450*4*316.46*0**13*2420525850872852338~NM1*QC*1*ROBINSON*NIESHIA****MI*22740571 01~DTM*232*20240720~SVC*N4:00143970801*316.46*0**260~CAS*CO*90*316.46**130*-0.32**130*0.32~LQ*RX*70~LQ*RX*MR~LQ*RX*70~CLP*10351737*4*8928.03*0**13*242052634538321~NM1*QC*1*VILELLA*JAMIE****MI*24357089~DTM*232*20240723~SVC*N4:69097032303*8928.03*0**60~CAS*CO*90*8928.03**130*-0.32**130*0.32~LQ*RX*DV~CLP*10351737*2*8928.03*0**13*2420526498323612338~NM1*QC*1*VILELLA*JAMIE****MI*24357089 01~REF*CE*CMKPA21007~DTM*232*20240723~SVC*N4:69097032303*8928.03*0**60~CAS*CO*90*8865.13**91*-6**130*-0.32**130*0.32~CAS*OA*23*68.90~CLP*10355288*4*9127.68*0**13*2420527163563432338~NM1*QC*1*STANCZYK*DEVIN****MI*24304314 01~DTM*232*20240723~SVC*N4:00024591502*9127.68*0**8~CAS*CO*90*9127.68**130*-0.32**130*0.32**262*95**95*-95~LQ*RX*13~CLP*0457087*4*100883.32*0**13*2420527874150445813~NM1*QC*1*CONLEY*DENISE****MI*27374079701~DTM*232*20240723~SVC*N4:00074105001*100883.32*0**4~CAS*CO*90*100883.32**130*-0.32**130*0.32~LQ*RX*69~LQ*RX*06~CLP*0457090*4*50441.66*0**13*2420528002041195813~NM1*QC*1*CONLEY*DENISE****MI*27374079701~DTM*232*20240723~SVC*N4:00074105001*50441.66*0**2~CAS*CO*90*50441.66**130*-0.32**130*0.32~LQ*RX*69~LQ*RX*06~CLP*10355120*4*13045.88*0**13*2420529238460092338~NM1*QC*1*FRANCO*MELENIE****MI*24591474 01~DTM*232*20240723~SVC*N4:57894064001*13045.88*0**1~CAS*CO*90*13039.88**91*6**130*-0.32**130*0.32~LQ*RX*75~CLP*0457172*4*13732.06*0**13*2420532515262202338~NM1*QC*1*BLACKWELL*ALISHA****MI*00895727 01~DTM*232*20240723~SVC*N4:50474071079*13732.06*0**2~CAS*CO*90*13726.06**91*6**130*-0.32**130*0.32~LQ*RX*76~CLP*0457173*4*6869.03*0**13*2420532533563102338~NM1*QC*1*BLACKWELL*ALISHA****MI*00895727 01~DTM*232*20240723~SVC*N4:50474071079*6869.03*0**1~CAS*CO*90*6863.03**91*6**130*-0.32**130*0.32~LQ*RX*79~CLP*10354471*1*9216.35*9210.35**13*2420532889782472338~NM1*QC*1*BIRCAN*BORAN****MI*22810395 01~REF*CE*CMKPA21007~DTM*232*20240723~SVC*N4:00169770321*9216.35*9210.35**6~CAS*CO*91*6**130*-0.32**130*0.32~CLP*10353913*1*9450.48*9441.48*3*13*2420533342493182338~NM1*QC*1*SALIB*NERMINE****MI*22964726 01~REF*CE*CMKPA21007~DTM*232*20240723~SVC*N4:64406000602*9450.48*9441.48**60~CAS*CO*91*6**130*-0.32**130*0.32~CAS*PR*3*3~CLP*0001234*4*2960.72*0**13*2420535502493469110~NM1*QC*1*KEATON*ROBERT****MI*GA282160401~DTM*232*20240723~SVC*N4:13533070501*2960.72*0**4354~CAS*CO*90*2960.72~LQ*RX*09~LQ*RX*04~CLP*0001234*4*117.22*0**13*242053550249346~NM1*QC*1*HORN*SANDRA****MI*GA1950655~DTM*232*20240723~SVC*N4:00409653321*117.22*0**6~CAS*CO*90*117.22**130*-0.32**130*0.32~LQ*RX*07~CLP*0001234*4*3.40*0**13*2420535502493469110~NM1*QC*1*KEATON*ROBERT****MI*GA282160401~DTM*232*20240723~SVC*N4:13533070501*3.40*0**5~CAS*CO*90*3.40~LQ*RX*09~LQ*RX*04~CLP*0001234*4*3.40*0**13*2420535502493469110~NM1*QC*1*KEATON*ROBERT****MI*GA282160401~DTM*232*20240723~SVC*N4:13533070501*3.40*0**5~CAS*CO*90*3.40~LQ*RX*09~LQ*RX*04~CLP*0750583*4*229216.44*0**13*242053722493345~NM1*QC*1*KLOCK*KYLIE****MI*000000000~DTM*232*20240106~SVC*N4:58468016001*229216.44*0**68~CAS*CO*90*229216.44**130*-0.32**130*0.32~LQ*RX*81~CLP*0750583*4*229216.44*0**13*242053722493345~NM1*QC*1*KLOCK*KYLIE****MI*000000000~DTM*232*20240106~SVC*N4:58468016001*229216.44*0**68~CAS*CO*90*229216.44**130*-0.32**130*0.32~LQ*RX*81~CLP*0457242*4*14723.70*0**13*2420538108920052338~NM1*QC*1*ALICEA*KAI****MI*24591569 01~DTM*232*20240723~SVC*N4:00074347303*14723.70*0**1~CAS*CO*90*14717.70**91*6**130*-0.32**130*0.32~LQ*RX*75~CLP*10342818*2*4563.84*118.89**13*2420538939871452338~NM1*QC*1*WHITE*MARQUES****MI*22239302 01~REF*CE*CMKPA21007~DTM*232*20240723~SVC*N4:00024591401*4563.84*118.89**4~CAS*CO*90*896.53**91*-6**130*-0.32**130*0.32~CAS*OA*23*3554.42~CLP*10347765*1*81.63*70.05**13*2420539177310702338~NM1*QC*1*TEO*OLLIE****MI*27203001 01~REF*CE*CMKPA21007~DTM*232*20240723~SVC*N4:55513012610*81.63*70.05**2~CAS*CO*90*15.53**91*-3.95**130*-0.32**130*0.32~CLP*10343345*1*11467.22*11461.22**13*2420539973550902338~NM1*QC*1*WILT*TYRUS M****MI*22464953 01~REF*CE*CMKPA21007~DTM*232*20240723~SVC*N4:00074104328*11467.22*11461.22**28~CAS*CO*91*6**130*-0.32**130*0.32~CLP*10339227*1*6651.71*6642.71*3*13*2420540486510842338~NM1*QC*1*OLMEDA*SANDRA****MI*22507868 01~REF*CE*CMKPA21007~DTM*232*20240723~SVC*N4:00074055402*6651.71*6642.71**2~CAS*CO*91*6**130*-0.32**130*0.32~CAS*PR*3*3~CLP*10320619*4*3715.95*0**13*2420541577731422338~NM1*QC*1*FRANCIS*MARLI****MI*22025376 01~DTM*232*20240723~SVC*N4:00024591502*3715.95*0**4~CAS*CO*90*3709.95**91*6**130*-0.32**130*0.32~LQ*RX*980~CLP*10338813*1*6630.15*6621.15*3*13*2420542373183472338~NM1*QC*1*YINGLING*JENNIFER****MI*22953661 01~REF*CE*CMKPA21007~DTM*232*20240723~SVC*N4:00002144511*6630.15*6621.15**1~CAS*CO*91*6**130*-0.32**130*0.32~CAS*PR*3*3~CLP*10314303*1*6679.94*6653.43*3*13*2420542506941332338~NM1*QC*1*DERR*ZACHARY****MI*27012757 01~REF*CE*CMKPA21007~DTM*232*20240723~SVC*N4:00002144511*6679.94*6653.43**1~CAS*CO*90*23.51**130*-0.32**130*0.32~CAS*PR*3*3~CLP*10347004*1*17905.65*17682.88**13*2420547555871132338~NM1*QC*1*DUMAS*ROZELL****MI*22909612 01~REF*CE*CMKPA21007~DTM*232*20240723~SVC*N4:00003085222*17905.65*17682.88**30~CAS*CO*90*222.77**130*-0.32**130*0.32~CLP*10343600*1*5519.01*5510.01*3*13*2420547714440882338~NM1*QC*1*SANCHEZ*GABRIEL****MI*22682290 01~REF*CE*CMKPA21007~DTM*232*20240723~SVC*N4:66658023407*5519.01*5510.01**18.76~CAS*CO*91*6**130*-0.32**130*0.32~CAS*PR*3*3~CLP*0457380*4*6389.04*0**13*2420548393640382338~NM1*QC*1*METZGER*PEYTON****MI*24446564 01~DTM*232*20240723~SVC*N4:00013264681*6389.04*0**3~CAS*CO*90*6383.04**91*6**130*-0.32**130*0.32~LQ*RX*79~CLP*10332679*4*5175.62*0**13*2420548839852542338~NM1*QC*1*METZGER*PEYTON****MI*24446564 01~DTM*232*20240723~SVC*N4:00013264681*5175.62*0**3~CAS*CO*90*5169.62**91*6**130*-0.32**130*0.32~LQ*RX*79~CLP*0457389*4*15434.70*0**13*2420549025341082738~NM1*QC*1*RAYZ*KRISTIN****MI*16172320901~DTM*232*20240723~SVC*N4:00074104328*15434.70*0**30~CAS*CO*90*15434.70**130*-0.32**130*0.32~LQ*RX*R6~LQ*RX*75~CLP*10342665*1*8313.14*6729.64*3*13*2420549083621092338~NM1*QC*1*SANDERS*TRACY****MI*27176865 01~REF*CE*CMKPA21007~DTM*232*20240723~SVC*N4:00074055402*8313.14*6729.64**2~CAS*CO*90*1580.50**130*-0.32**130*0.32~CAS*PR*3*3~CLP*0457416*4*4569.84*0**13*2420550874022582338~NM1*QC*1*SMITH*OLIVIA****MI*24447332 01~DTM*232*20240723~SVC*N4:00024591401*4569.84*0**4~CAS*CO*90*4563.84**91*6**130*-0.32**130*0.32~LQ*RX*75~CLP*10330300*4*10562.40*0**13*242055096970014~NM1*QC*1*BRAUN*GILBERT****MI*000000000~DTM*232*20240229~SVC*N4:59651020508*10562.40*0**90~CAS*CO*90*10562.40**130*-0.32**130*0.32~LQ*RX*04~LQ*RX*06~LQ*RX*01~CLP*10329478*1*2507.05*2007*3*13*2420551129180232338~NM1*QC*1*MCCORMICK*TIMOTHY****MI*27072791 01~REF*CE*CMKPA21007~DTM*232*20240723~SVC*N4:83257000541*2507.05*2007**0.60~CAS*CO*90*501**91*-3.95**130*-0.32**130*0.32~CAS*PR*3*3~CLP*10329478*22*-2507.05*-2007**13*2420551129180232338~NM1*QC*1*MCCORMICK*TIMOTHY****MI*27072791 01~REF*CE*CMKPA21007~DTM*232*20240723~SVC*N4:83257000541*-2507.05*-2007**-0.60~CAS*CO*90*-501**91*3.95**130*-0.32**130*0.32~CAS*CO*3*-3~CLP*10337890*1*7265.30*7172.94*3*13*2420551363313492338~NM1*QC*1*CARTER*BRANDON****MI*23059703 01~REF*CE*CMKPA21007~DTM*232*20240723~SVC*N4:00078063941*7265.30*7172.94**2~CAS*CO*90*89.36**130*-0.32**130*0.32~CAS*PR*3*3~CLP*10330300*4*3520.68*0**13*242055215159296~NM1*QC*1*BRAUN*GILBERT****MI*27188980~DTM*232*20240229~SVC*N4:59651020508*3520.68*0**90~CAS*CO*90*3520.68**130*-0.32**130*0.32~LQ*RX*8Z~LQ*RX*20~LQ*RX*E1~CLP*10330300*4*10562.40*0**13*242055215159296~NM1*QC*1*BRAUN*GILBERT****MI*000000000~DTM*232*20240229~SVC*N4:59651020508*10562.40*0**90~CAS*CO*90*10562.40**130*-0.32**130*0.32~LQ*RX*04~LQ*RX*06~LQ*RX*01~CLP*10330300*4*3520.68*0**13*242055245654211~NM1*QC*1*BRAUN*GILBERT****MI*27188980~DTM*232*20240229~SVC*N4:59651020508*3520.68*0**90~CAS*CO*90*3520.68**130*-0.32**130*0.32~LQ*RX*8Z~LQ*RX*20~LQ*RX*6E~CLP*10330300*4*3520.68*0**13*242055245654211~NM1*QC*1*BRAUN*GILBERT****MI*27188980~DTM*232*20240229~SVC*N4:59651020508*3520.68*0**90~CAS*CO*90*3520.68**130*-0.32**130*0.32~LQ*RX*8Z~LQ*RX*20~LQ*RX*DV~CLP*10330300*4*3520.68*0**13*2420552592371282338~NM1*QC*1*BRAUN*GILBERT****MI*27188980 01~DTM*232*20240229~SVC*N4:59651020508*3520.68*0**90~CAS*CO*90*3520.68**130*-0.32**130*0.32~LQ*RX*01~CLP*10330300*4*3520.68*0**13*242055259237128~NM1*QC*1*BRAUN*GILBERT****MI*27188980~DTM*232*20240229~SVC*N4:59651020508*3520.68*0**90~CAS*CO*90*3520.68**130*-0.32**130*0.32~LQ*RX*6E~LQ*RX*5E~CLP*10330300*4*10562.40*0**13*242055268904012~NM1*QC*1*BRAUN*GILBERT****MI*27188980~DTM*232*20240229~SVC*N4:59651020508*10562.40*0**90~CAS*CO*90*10562.40**130*-0.32**130*0.32~LQ*RX*6E~LQ*RX*5E~CLP*10330300*4*3520.68*0**13*2420552689040122338~NM1*QC*1*BRAUN*GILBERT****MI*27188980 01~DTM*232*20240229~SVC*N4:59651020508*3520.68*0**90~CAS*CO*90*3520.68**130*-0.32**130*0.32~LQ*RX*01~CLP*10356282*1*20295.25*16240.56**13*2420553108500472338~NM1*QC*1*LEVENTRY*MARCELLA****MI*27125872 01~REF*CE*CMKPA21007~DTM*232*20240723~SVC*N4:63459010450*20295.25*16240.56**200~CAS*CO*90*4058.64**91*-3.95**130*-0.32**130*0.32~CLP*10356282*4*20295.25*0**13*2420553108500472338~NM1*QC*1*LEVENTRY*MARCELLA****MI*27125872 01~DTM*232*20240723~SVC*N4:63459010450*20295.25*0**200~CAS*CO*90*20293.20**91*2.05**130*-0.32**130*0.32~LQ*RX*76~LQ*RX*19~CLP*10330300*4*10562.40*0**13*2420553246200562338~NM1*QC*1*BRAUN*GILBERT****MI*27188980 01~DTM*232*20240229~SVC*N4:59651020508*10562.40*0**90~CAS*CO*90*10562.40**130*-0.32**130*0.32~LQ*RX*7M~CLP*10330300*4*10562.40*0**13*2420553246200562338~NM1*QC*1*BRAUN*GILBERT****MI*27188980 01~DTM*232*20240229~SVC*N4:59651020508*10562.40*0**90~CAS*CO*90*10562.40**130*-0.32**130*0.32~LQ*RX*6E~CLP*10330300*2*10562.40*49.28**13*2420553384251382338~NM1*QC*1*BRAUN*GILBERT****MI*27188980 01~REF*CE*CMKPA21007~DTM*232*20240229~SVC*N4:59651020508*10562.40*49.28**90~CAS*CO*90*10519.12**91*-6**130*-0.32**130*0.32~CLP*10330300*4*10562.40*0**13*242055338425138~NM1*QC*1*BRAUN*GILBERT****MI*27188980~DTM*232*20240229~SVC*N4:59651020508*10562.40*0**90~CAS*CO*90*10562.40**130*-0.32**130*0.32~LQ*RX*DV~CLP*0457454*4*20295.25*0**13*2420553741310892338~NM1*QC*1*LEVENTRY*MARCELLA****MI*27125872 01~DTM*232*20240723~SVC*N4:63459010450*20295.25*0**200~CAS*CO*90*20293.20**91*2.05**130*-0.32**130*0.32~LQ*RX*76~LQ*RX*19~CLP*0457455*1*20295.25*16240.56**13*2420553764451742338~NM1*QC*1*LEVENTRY*MARCELLA****MI*27125872 01~REF*CE*CMKPA21007~DTM*232*20240723~SVC*N4:63459010450*20295.25*16240.56**200~CAS*CO*90*4058.64**91*-3.95**130*-0.32**130*0.32~CLP*0457455*22*-20295.25*-16240.56**13*2420553764451742338~NM1*QC*1*LEVENTRY*MARCELLA****MI*27125872 01~REF*CE*CMKPA21007~DTM*232*20240723~SVC*N4:63459010450*-20295.25*-16240.56**-200~CAS*CO*90*-4058.64**91*3.95**130*-0.32**130*0.32~CLP*0457504*4*24921.42*0**13*2420559685522888878~NM1*QC*1*ROZBORIL*TONI****MI*34374469 001~DTM*232*20240723~SVC*N4:00074055402*24921.42*0**2~CAS*CO*90*24921.42~LQ*RX*68~LQ*RX*06~CLP*0457506*4*5545.56*0**13*2420559859361672338~NM1*QC*1*HILLISON*JAX****MI*27121972 01~DTM*232*20240723~SVC*N4:00078081881*5545.56*0**1~CAS*CO*90*5539.56**91*6**130*-0.32**130*0.32~LQ*RX*75~CLP*0457529*1*2149.34*1728.40*3*13*2420624043733302338~NM1*QC*1*MURRAY*NANCY****MI*22059684 01~REF*CE*CMKPA21007~DTM*232*20240724~SVC*N4:55513071001*2149.34*1728.40**1~CAS*CO*90*417.94**130*-0.32**130*0.32~CAS*PR*3*3~CLP*0457529*22*-2149.34*-1728.40**13*2420624043733302338~NM1*QC*1*MURRAY*NANCY****MI*22059684 01~REF*CE*CMKPA21007~DTM*232*20240724~SVC*N4:55513071001*-2149.34*-1728.40**-1~CAS*CO*90*-417.94**130*-0.32**130*0.32~CAS*CO*3*-3~CLP*10332679*1*5175.62*5169.62**13*2420624188423532338~NM1*QC*1*METZGER*PEYTON****MI*24446564 01~REF*CE*CMKPA21007~DTM*232*20240724~SVC*N4:00013264681*5175.62*5169.62**3~CAS*CO*91*6**130*-0.32**130*0.32~CLP*0457570*4*2190.72*0**13*2420628626601505806~NM1*QC*1*TSAMITIS*DENA****MI*17160143001~DTM*232*20240724~SVC*N4:59651020508*2190.72*0**56~CAS*CO*90*2190.72**130*-0.32**130*0.32~LQ*RX*R6~LQ*RX*75~CLP*0457577*4*8882.20*0**13*2420629212721201412~NM1*QC*1*VERCAUTEREN*ASHLEY****MI*30897784001~NM1*IL*1*VERCAUTEREN*ASHLEY****MI*3089778401~DTM*232*20240724~SVC*N4:58406002104*8882.20*0**4~CAS*CO*90*8882.20**130*-0.32**130*0.32~LQ*RX*R6~CLP*0457582*4*16614.28*0**13*2420629688543459110~NM1*QC*1*MITCHELL*JASON****MI*G0314444501~DTM*232*20240724~SVC*N4:00074024302*16614.28*0**4~CAS*CO*90*16614.28~LQ*RX*69~LQ*RX*04~CLP*0457584*4*24923.59*0**13*2420629754290482338~NM1*QC*1*BUSHEY*SCOTT****MI*27047403 01~DTM*232*20240724~SVC*N4:00074012403*24923.59*0**3~CAS*CO*90*24921.54**91*2.05**130*-0.32**130*0.32~LQ*RX*980~CLP*0457599*4*6834.32*0**13*2420630695553392UPM~NM1*QC*1*KIMMEL*TRAYCE****MI*17652654801~DTM*232*20240724~SVC*N4:00003218811*6834.32*0**4~CAS*CO*90*6834.32**130*-0.32**130*0.32~LQ*RX*04~CLP*0457600*4*6834.32*0**13*2420630806533012UPM~NM1*QC*1*KIMMEL*TRAYCE****MI*17652654801~DTM*232*20240724~SVC*N4:00003218811*6834.32*0**4~CAS*CO*90*6834.32**130*-0.32**130*0.32~LQ*RX*R6~CLP*10343207*1*3677.15*3668.15*3*13*2420633520040242338~NM1*QC*1*DONOVAN*MICHAEL****MI*23126221 01~REF*CE*CMKPA21007~DTM*232*20240724~SVC*N4:00024591401*3677.15*3668.15**4~CAS*CO*90*3.84**91*2.16**130*-0.32**130*0.32~CAS*PR*3*3~CLP*10355288*4*9127.68*0**13*2420634168430102338~NM1*QC*1*STANCZYK*DEVIN****MI*24304314 01~DTM*232*20240724~SVC*N4:00024591502*9127.68*0**8~CAS*CO*90*9127.68**130*-0.32**130*0.32**262*95**95*-95~LQ*RX*13~CLP*10327061*4*16614.28*0**13*2420635918131172338~NM1*QC*1*CARTER*CHLOE****MI*22653473 01~DTM*232*20240724~SVC*N4:00074055402*16614.28*0**4~CAS*CO*90*16614.28**130*-0.32**130*0.32~LQ*RX*76~CLP*0457717*4*6946.80*0**13*2420637011423702338~NM1*QC*1*BRADLEY*KIMBERLEY****MI*27112134 01~DTM*232*20240724~SVC*N4:00069100201*6946.80*0**60~CAS*CO*90*6940.80**91*6**130*-0.32**130*0.32~LQ*RX*79~CLP*10337691*1*5643.26*5616.85*3*13*2420637133073582338~NM1*QC*1*SIMPKINS*ROSEANN****MI*00700788 01~REF*CE*CMKPA21007~DTM*232*20240724~SVC*N4:00069100101*5643.26*5616.85**60~CAS*CO*90*23.41**130*-0.32**130*0.32~CAS*PR*3*3~CLP*0457747*1*4261.36*3448.34**13*2420638906132372338~NM1*QC*1*MOORE*EMERSYN****MI*24232330 01~REF*CE*CMKPA21007~DTM*232*20240724~SVC*N4:00013264681*4261.36*3448.34**2~CAS*CO*90*808.52**91*4.5**130*-0.32**130*0.32~CLP*0457747*22*-4261.36*-3448.34**13*2420638906132372338~NM1*QC*1*MOORE*EMERSYN****MI*24232330 01~REF*CE*CMKPA21007~DTM*232*20240724~SVC*N4:00013264681*-4261.36*-3448.34**-2~CAS*CO*90*-808.52**91*-4.5**130*-0.32**130*0.32~CLP*0457753*4*8304.86*0**13*2420639249542792338~NM1*QC*1*STRAUSBAUGH*MAZIE****MI*23154190 01~DTM*232*20240724~SVC*N4:00002144511*8304.86*0**1~CAS*CO*90*8298.86**91*6**130*-0.32**130*0.32~LQ*RX*79~CLP*10351522*1*4317.31*3382.93*30*13*2420639274470502155~NM1*QC*1*HIBBITS*DAVID****MI*28958761001~REF*CE*CNTRCT1001~DTM*232*20240724~SVC*N4:00074057630*4317.31*3382.93**28~CAS*CO*90*904.48**91*-0.1**130*-0.32**130*0.32~CAS*PR*3*30~CLP*10356983*4*3287.99*0**13*2420640904821162338~NM1*QC*1*KELEMEN*KAYLA****MI*24473998 01~DTM*232*20240724~SVC*N4:00002418230*3287.99*0**30~CAS*CO*90*3287.99**130*-0.32**130*0.32**262*76**95*-76~LQ*RX*13~CLP*0457779*4*6840.32*0**13*2420640919561522338~NM1*QC*1*COVERT*JENNIFER****MI*22493608 01~DTM*232*20240724~SVC*N4:00003218851*6840.32*0**4~CAS*CO*90*6834.32**91*6**130*-0.32**130*0.32~LQ*RX*79~CLP*0457788*4*1300.30*0**13*2420641406320673906~NM1*QC*1*HINES*TERESE****MI*WPS17470001~DTM*232*20240724~SVC*N4:55566410001*1300.30*0**6~CAS*CO*90*1298.25**91*2.05**130*-0.32**130*0.32~LQ*RX*70~CLP*0457800*4*8304.86*0**13*2420642731030072338~NM1*QC*1*SEMPREVIVO*RENEE****MI*00228147 01~DTM*232*20240724~SVC*N4:00002144509*8304.86*0**1~CAS*CO*90*8298.86**91*6**130*-0.32**130*0.32~LQ*RX*980~CLP*10347368*1*8297.36*8291.36**13*2420644300933202338~NM1*QC*1*CRAMER*CRYSTAL****MI*22485058 01~REF*CE*CMKPA21007~DTM*232*20240724~SVC*N4:00310067960*8297.36*8291.36**60~CAS*CO*91*6**130*-0.32**130*0.32~CLP*0457861*4*49844.89*0**13*2420648288042862338~NM1*QC*1*CARTER*CHLOE****MI*22653473 01~DTM*232*20240724~SVC*N4:00074055402*49844.89*0**4~CAS*CO*90*49842.84**91*2.05**130*-0.32**130*0.32~LQ*RX*41~CLP*10351265*4*13458.58*0**13*2420648340882422338~NM1*QC*1*STINE*AMY****MI*22152261 01~DTM*232*20240724~SVC*N4:00074055402*13458.58*0**4~CAS*CO*90*13452.58**91*6**130*-0.32**130*0.32~LQ*RX*980~CLP*10339190*1*15117.18*15111.18**13*2420648814412042338~NM1*QC*1*BUCHER*KATHERINE****MI*22387686 01~REF*CE*CMKPA21007~DTM*232*20240724~SVC*N4:00002533754*15117.18*15111.18**56~CAS*CO*91*6**130*-0.32**130*0.32~CLP*0457877*4*16620.28*0**13*2420649493270672338~NM1*QC*1*STINE*AMY****MI*22152261 01~DTM*232*20240724~SVC*N4:00074055402*16620.28*0**4~CAS*CO*90*16614.28**91*6**130*-0.32**130*0.32~LQ*RX*980~CLP*0457889*1*16653.36*13410.60*3*13*2420650490863052338~NM1*QC*1*ZIECINA*ERIC****MI*27119376 01~REF*CE*CMKPA21007~DTM*232*20240724~SVC*N4:57894064011*16653.36*13410.60**1~CAS*CO*90*3239.76**130*-0.32**130*0.32~CAS*PR*3*3~CLP*0457889*22*-16653.36*-13410.60**13*2420650490863052338~NM1*QC*1*ZIECINA*ERIC****MI*27119376 01~REF*CE*CMKPA21007~DTM*232*20240724~SVC*N4:57894064011*-16653.36*-13410.60**-1~CAS*CO*90*-3239.76**130*-0.32**130*0.32~CAS*CO*3*-3~CLP*0457891*1*6818.10*5682.75**13*2420650503131362338~NM1*QC*1*VERDEJO*MARIA****MI*22065929 01~REF*CE*CMKPA21007~DTM*232*20240724~SVC*N4:00310173030*6818.10*5682.75**1~CAS*CO*90*1135.35**130*-0.32**130*0.32~CLP*0457891*22*-6818.10*-5682.75**13*2420650503131362338~NM1*QC*1*VERDEJO*MARIA****MI*22065929 01~REF*CE*CMKPA21007~DTM*232*20240724~SVC*N4:00310173030*-6818.10*-5682.75**-1~CAS*CO*90*-1135.35**130*-0.32**130*0.32~CLP*10333712*1*13090.82*13081.82*3*13*2420651060801412338~NM1*QC*1*ZIECINA*ERIC****MI*27119376 01~REF*CE*CMKPA21007~DTM*232*20240724~SVC*N4:57894064011*13090.82*13081.82**1~CAS*CO*91*6**130*-0.32**130*0.32~CAS*PR*3*3~CLP*10327061*4*16614.28*0**13*2420651320091192338~NM1*QC*1*CARTER*CHLOE****MI*22653473 01~DTM*232*20240724~SVC*N4:00074055402*16614.28*0**4~CAS*CO*90*16614.28**130*-0.32**130*0.32~LQ*RX*76~CLP*10327061*4*16614.28*0**13*2420651403791182338~NM1*QC*1*CARTER*CHLOE****MI*22653473 01~DTM*232*20240724~SVC*N4:00074055402*16614.28*0**4~CAS*CO*90*16614.28**130*-0.32**130*0.32~LQ*RX*76~CLP*10354420*1*6651.71*6642.71*3*13*2420651504393652338~NM1*QC*1*CHAMBERS*JENNIFER****MI*22048421 01~REF*CE*CMKPA21007~DTM*232*20240724~SVC*N4:00074055402*6651.71*6642.71**2~CAS*CO*91*6**130*-0.32**130*0.32~CAS*PR*3*3~CLP*10327061*2*16614.28*4096.85**13*2420651780132372338~NM1*QC*1*CARTER*CHLOE****MI*22653473 01~REF*CE*CMKPA21007~DTM*232*20240724~SVC*N4:00074055402*16614.28*4096.85**4~CAS*CO*90*3161**91*-6**130*-0.32**130*0.32~CAS*OA*23*9362.43~CLP*0457920*4*5970.25*0**13*24206519501601123BU~NM1*QC*1*HILTON*ANGELA****MI*28288872801~NM1*IL*1*HILTON*ANGELA****MI*28288872801~DTM*232*20240724~SVC*N4:55513036955*5970.25*0**55~CAS*CO*90*5970.25**130*-0.32**130*0.32~LQ*RX*R6~LQ*RX*75~CLP*0457935*1*8313.14*6732.64**13*2420652711020772338~NM1*QC*1*SMILEY*NICOLETE****MI*22124846 01~REF*CE*CMKPA21007~DTM*232*20240724~SVC*N4:00074055402*8313.14*6732.64**2~CAS*CO*90*1580.50**130*-0.32**130*0.32~CLP*0457935*22*-8313.14*-6732.64**13*2420652711020772338~NM1*QC*1*SMILEY*NICOLETE****MI*22124846 01~REF*CE*CMKPA21007~DTM*232*20240724~SVC*N4:00074055402*-8313.14*-6732.64**-2~CAS*CO*90*-1580.50**130*-0.32**130*0.32~CLP*0457936*4*6942.85*0**13*2420652769032103892~NM1*QC*1*MALLOY*LOUIS****MI*41055811201~DTM*232*20240724~SVC*N4:00069100101*6942.85*0**60~CAS*CO*90*6940.80**91*2.05**130*-0.32**130*0.32~LQ*RX*25~LQ*RX*EZ~CLP*0457943*4*6942.85*0**13*2420653139422173892~NM1*QC*1*MALLOY*LOUIS****MI*41055811201~DTM*232*20240724~SVC*N4:00069100101*6942.85*0**60~CAS*CO*90*6940.80**91*2.05**130*-0.32**130*0.32~LQ*RX*R6~CLP*0457953*1*29715.02*23773.22**13*2420653665801152338~NM1*QC*1*ALICEA*KAI****MI*24591569 01~REF*CE*CMKPA21007~DTM*232*20240724~SVC*N4:00074357501*29715.02*23773.22**1~CAS*CO*90*5941.80**130*-0.32**130*0.32~CLP*0457953*22*-29715.02*-23773.22**13*2420653665801152338~NM1*QC*1*ALICEA*KAI****MI*24591569 01~REF*CE*CMKPA21007~DTM*232*20240724~SVC*N4:00074357501*-29715.02*-23773.22**-1~CAS*CO*90*-5941.80**130*-0.32**130*0.32~CLP*0012345*4*239707*0**13*2420654658540691689~NM1*QC*1*MELLEN*JACOB****MI*92644226200~DTM*232*20240724~SVC*N4:73650031614*239707*0**14~CAS*CO*90*239707**130*-0.32**130*0.32~LQ*RX*70~CLP*0457968*4*10669.75*0**13*2420656233812951213~NM1*QC*1*BALL*JENNIFER****MI*17068195401~DTM*232*20240724~SVC*N4:59572082030*10669.75*0**30~CAS*CO*90*10667.70**91*2.05**130*-0.32**130*0.32~LQ*RX*69~CLP*0457980*4*5545.56*0**13*2420659331723622338~NM1*QC*1*HILLISON*JAX****MI*27121972 01~DTM*232*20240724~SVC*N4:00078081881*5545.56*0**1~CAS*CO*90*5539.56**91*6**130*-0.32**130*0.32~LQ*RX*75~CLP*0750583*4*229216.44*0**13*242072024147168~NM1*QC*1*KLOCK*KYLIE****MI*000000000~DTM*232*20240106~SVC*N4:58468016001*229216.44*0**68~CAS*CO*90*229216.44**130*-0.32**130*0.32~LQ*RX*81~CLP*0777280*1*413.40*60.72*1*13*2420725464673122338~NM1*QC*1*CRUZ*GEORGE****MI*23143672 01~REF*CE*CMKPA21007~DTM*232*20240719~SVC*N4:00338004304*413.40*60.72**19740~CAS*CO*90*357.31**91*-5.63**130*-0.32**130*0.32~CAS*PR*3*1~CLP*0777280*4*413.40*0**13*2420725464673122338~NM1*QC*1*CRUZ*GEORGE****MI*23143672 01~DTM*232*20240719~SVC*N4:00338004304*413.40*0**19740~CAS*CO*90*413.40**130*-0.32**130*0.32~LQ*RX*25~LQ*RX*EZ~CLP*0788267*1*1944*221.45**13*2420725492442232338~NM1*QC*1*SEABROOKS*SHAKINAH****MI*24670498 01~REF*CE*CMKPA21007~DTM*232*20240717~SVC*N4:70594003401*1944*221.45**8.40~CAS*CO*90*1728.55**91*-6**130*-0.32**130*0.32~CLP*0787301*4*1512*0**13*2420725516863682338~NM1*QC*1*FAZIO*RICHARD****MI*22081316 01~DTM*232*20240716~SVC*N4:70594003401*1512*0**7~CAS*CO*90*1512**130*-0.32**130*0.32~LQ*RX*70~LQ*RX*76~LQ*RX*19~CLP*0788504*1*142.79*70.20**13*2420725556462412338~NM1*QC*1*SHAMONSKY*DAVID****MI*27209276 01~REF*CE*CMKPA21007~DTM*232*20240718~SVC*N4:63323028420*142.79*70.20**1.50~CAS*CO*90*138.22**91*-65.63**130*-0.32**130*0.32~CLP*0778440*1*865.21*114.59**13*2420725578050022338~NM1*QC*1*PERALTA*JULIAN****MI*27127244 01~REF*CE*CMKPA21007~DTM*232*20240717~SVC*N4:60505614704*865.21*114.59**7~CAS*CO*90*816.25**91*-65.63**130*-0.32**130*0.32~CLP*0789272*1*221.43*94.14**13*2420725605600432338~NM1*QC*1*CASTRO*PEDRO****MI*27211119 01~REF*CE*CMKPA21007~DTM*232*20240719~SVC*N4:70700018922*221.43*94.14**95.70~CAS*CO*90*193.29**91*-66**130*-0.32**130*0.32~CLP*0789404*1*100.86*76.50**13*2420725631283572338~NM1*QC*1*KHALAIFA*JAMALAT****MI*22159047 01~REF*CE*CMKPA21007~DTM*232*20240719~SVC*N4:63323011758*100.86*76.50**89.10~CAS*CO*90*90.36**91*-66**130*-0.32**130*0.32~CLP*0783591*1*4948.31*119.13**13*2420725653733582338~NM1*QC*1*WEIMER*JOSEPH****MI*22985408 01~REF*CE*CMKPA21007~DTM*232*20240723~SVC*N4:60505614904*4948.31*119.13**900~CAS*CO*90*4894.81**91*-65.63**130*-0.32**130*0.32~CLP*0783591*4*4948.31*0**13*242072565373358~NM1*QC*1*WEIMER*JOSEPH****MI*000000000~NM1*IL*1*NOT ON FILE*NOT ON FILE****MI*000000000~DTM*232*20240723~SVC*N4:00000000000*4948.31*0**900~CAS*CO*90*4948.31**130*-0.32**130*0.32~LQ*RX*52~LQ*RX*06~CLP*0786362*1*614.03*114.03**13*2420725681750352338~NM1*QC*1*GOETZ*ROCHELLE****MI*22090215 01~REF*CE*CMKPA21007~DTM*232*20240722~SVC*N4:00409139122*614.03*114.03**400~CAS*CO*90*565.63**91*-65.63**130*-0.32**130*0.32~CLP*0789389*1*1355.71*85.16**13*2420725705790212338~NM1*QC*1*HOLLINGER*EDWARD****MI*27131753 01~REF*CE*CMKPA21007~DTM*232*20240719~SVC*N4:00781321046*1355.71*85.16**1~CAS*CO*90*1336.18**91*-65.63**130*-0.32**130*0.32~CLP*0458015*4*6818.10*0**13*2420728374992532338~NM1*QC*1*ARTHUR JR*JOHN****MI*23098473 01~DTM*232*20240725~SVC*N4:00310183030*6818.10*0**1~CAS*CO*90*6812.10**91*6**130*-0.32**130*0.32~LQ*RX*75~CLP*0458033*4*18486.72*0**13*2420730131131615806~NM1*QC*1*REX*JANET****MI*16138192901~DTM*232*20240725~SVC*N4:00002481554*18486.72*0**56~CAS*CO*90*18486.72**130*-0.32**130*0.32~LQ*RX*R6~CLP*0458044*4*10293.90*0**13*2420730765292046584~NM1*QC*1*MURDOCK*KARISSA****MI*19868933201~NM1*IL*1*MURDOCK*KARISSA****MI*19868933201~DTM*232*20240725~SVC*N4:60505447803*10293.90*0**30~CAS*CO*90*10293.90**130*-0.32**130*0.32~LQ*RX*R6~CLP*0458050*1*4681.50*3777.05**13*2420731111811482338~NM1*QC*1*EMERY*GABRIELLA R****MI*22765531 01~REF*CE*CMKPA21007~DTM*232*20240725~SVC*N4:50242010040*4681.50*3777.05**75~CAS*CO*90*904.45**130*-0.32**130*0.32~CLP*0458050*22*-4681.50*-3777.05**13*2420731111811482338~NM1*QC*1*EMERY*GABRIELLA R****MI*22765531 01~REF*CE*CMKPA21007~DTM*232*20240725~SVC*N4:50242010040*-4681.50*-3777.05**-75~CAS*CO*90*-904.45**130*-0.32**130*0.32~CLP*10338361*1*3752.57*3746.57**13*2420733528141372338~NM1*QC*1*KLINGER*AMIYAH****MI*22867819 01~REF*CE*CMKPA21007~DTM*232*20240725~SVC*N4:50242010040*3752.57*3746.57**75~CAS*CO*91*6**130*-0.32**130*0.32~CLP*10342411*1*3763.33*3757.33**13*2420733585070962338~NM1*QC*1*EMERY*GABRIELLA R****MI*22765531 01~REF*CE*CMKPA21007~DTM*232*20240725~SVC*N4:50242010040*3763.33*3757.33**75~CAS*CO*91*6**130*-0.32**130*0.32~CLP*10342411*1*3945.79*3777.05**13*2420733585070962338~NM1*QC*1*EMERY*GABRIELLA R****MI*22765531 01~REF*CE*CMKPA21007~DTM*232*20240725~SVC*N4:50242010040*3945.79*3777.05**75~CAS*CO*90*168.74**130*-0.32**130*0.32~CLP*10342411*22*-3945.79*-3777.05**13*2420733585070962338~NM1*QC*1*EMERY*GABRIELLA R****MI*22765531 01~REF*CE*CMKPA21007~DTM*232*20240725~SVC*N4:50242010040*-3945.79*-3777.05**-75~CAS*CO*90*-168.74**130*-0.32**130*0.32~CLP*10346391*1*17566.26*17123.27**13*2420733955550412338~NM1*QC*1*MBANGO*REGINE****MI*24675678 01~REF*CE*CMKPA21007~DTM*232*20240725~SVC*N4:00310135030*17566.26*17123.27**30~CAS*CO*90*442.99**130*-0.32**130*0.32~CLP*10356943*1*4886.08*4848.50**13*2420734394922872338~NM1*QC*1*GRIFFIN*KAYLA****MI*00820071 01~REF*CE*CMKPA21007~DTM*232*20240725~SVC*N4:49401008835*4886.08*4848.50**4~CAS*CO*90*37.58**130*-0.32**130*0.32~CLP*10356943*1*5817*4848.50**13*2420734394922872338~NM1*QC*1*GRIFFIN*KAYLA****MI*00820071 01~REF*CE*CMKPA21007~DTM*232*20240725~SVC*N4:49401008835*5817*4848.50**4~CAS*CO*90*968.50**130*-0.32**130*0.32~CLP*10356943*22*-5817*-4848.50**13*2420734394922872338~NM1*QC*1*GRIFFIN*KAYLA****MI*00820071 01~REF*CE*CMKPA21007~DTM*232*20240725~SVC*N4:49401008835*-5817*-4848.50**-4~CAS*CO*90*-968.50**130*-0.32**130*0.32~CLP*0458126*4*7742.05*0**13*2420736731812982338~NM1*QC*1*MULLIN*OLIVIA****MI*22791319 01~DTM*232*20240725~SVC*N4:89130202001*7742.05*0**18~CAS*CO*90*7740**91*2.05**130*-0.32**130*0.32~LQ*RX*980~CLP*10357528*1*6650.88*6644.88**13*2420737779531232338~NM1*QC*1*SMILEY*NICOLETE****MI*22124846 01~REF*CE*CMKPA21007~DTM*232*20240725~SVC*N4:00074055402*6650.88*6644.88**2~CAS*CO*91*6**130*-0.32**130*0.32~CLP*10354929*4*5625.91*0**13*2420741188271732338~NM1*QC*1*ROSARIO*IDA L****MI*27162995 01~DTM*232*20240725~SVC*N4:00069100101*5625.91*0**60~CAS*CO*90*5619.91**91*6**130*-0.32**130*0.32~LQ*RX*79~CLP*0458177*4*5545.56*0**13*2420743237093352338~NM1*QC*1*HILLISON*JAX****MI*27121972 01~DTM*232*20240725~SVC*N4:00078081881*5545.56*0**1~CAS*CO*90*5539.56**91*6**130*-0.32**130*0.32~LQ*RX*75~CLP*0458184*4*33417.42*0**13*2420744204833172338~NM1*QC*1*GOODMAN*NICKALUS****MI*27028800 01~DTM*232*20240725~SVC*N4:57894006103*33417.42*0**1~CAS*CO*90*33411.42**91*6**130*-0.32**130*0.32~LQ*RX*75~CLP*0458188*4*33417.42*0**13*2420744614941712338~NM1*QC*1*GOODMAN*NICKALUS****MI*27028800 01~DTM*232*20240725~SVC*N4:57894006103*33417.42*0**1~CAS*CO*90*33411.42**91*6**130*-0.32**130*0.32~LQ*RX*75~CLP*10355120*1*13045.88*13036.88*3*13*2420744908662462338~NM1*QC*1*FRANCO*MELENIE****MI*24591474 01~REF*CE*CMKPA21007~DTM*232*20240725~SVC*N4:57894064001*13045.88*13036.88**1~CAS*CO*91*6**130*-0.32**130*0.32~CAS*PR*3*3~CLP*0458203*4*25220.83*0**13*2420745960943461295~NM1*QC*1*SCHELL*ABIGAIL E****MI*58915229201~DTM*232*20240725~SVC*N4:00074210001*25220.83*0**1~CAS*CO*90*25220.83**130*-0.32**130*0.32~LQ*RX*R6~LQ*RX*75~CLP*0773414*4*35.46*0**13*2420750837453162338~NM1*QC*1*OLSON*DANA****MI*23024509 01~DTM*232*20240425~SVC*N4:00338004904*35.46*0**2000~CAS*CO*90*35.46**130*-0.32**130*0.32~LQ*RX*79~CLP*0773414*4*35.46*0**13*2420750837453162338~NM1*QC*1*OLSON*DANA****MI*23024509 01~DTM*232*20240425~SVC*N4:00338004904*35.46*0**2000~CAS*CO*90*35.46**130*-0.32**130*0.32~LQ*RX*79~CLP*0773416*1*90*18.01**13*2420751394290722338~NM1*QC*1*OLSON*DANA****MI*23024509 01~REF*CE*CMKPA21007~DTM*232*20240425~SVC*N4:67457086404*90*18.01**4~CAS*CO*90*77.62**91*-5.63**130*-0.32**130*0.32~CLP*0773415*1*62.21*8.88*1*13*2420751582990012338~NM1*QC*1*OLSON*DANA****MI*23024509 01~REF*CE*CMKPA21007~DTM*232*20240425~SVC*N4:63323016501*62.21*8.88**6~CAS*CO*90*57.96**91*-5.63**130*-0.32**130*0.32~CAS*PR*3*1~CLP*0789737*1*226.14*80.53**13*2420823781493392338~NM1*QC*1*MILLER*JENNIFER****MI*23112110 01~REF*CE*CMKPA21007~DTM*232*20240723~SVC*N4:63323011761*226.14*80.53**100.20~CAS*CO*90*211.61**91*-66**130*-0.32**130*0.32~CLP*0789779*1*1893.15*88.13**13*2420823801531582338~NM1*QC*1*PREVOST*MARK****MI*27072884 01~REF*CE*CMKPA21007~DTM*232*20240723~SVC*N4:00781321046*1893.15*88.13**1~CAS*CO*90*1870.65**91*-65.63**130*-0.32**130*0.32~CLP*0789775*4*395.73*0**13*2420823822932972338~NM1*QC*1*HARRINGTON*TYLIAH****MI*22760088 01~DTM*232*20240723~SVC*N4:63323032520*395.73*0**48~CAS*CO*90*395.73**130*-0.32**130*0.32~LQ*RX*70~LQ*RX*MR~LQ*RX*70~CLP*0789775*4*395.73*0**13*242082382293297~NM1*QC*1*HARRINGTON*TYLIAH****MI*22760088~NM1*IL*1*NOT ON FILE*NOT ON FILE****MI*22760088~DTM*232*20240723~SVC*N4:00000000000*395.73*0**48~CAS*CO*90*395.73**130*-0.32**130*0.32~LQ*RX*52~LQ*RX*06~CLP*0789750*1*4053.60*115.32**13*2420823848413172338~NM1*QC*1*PARKER*CURTIS****MI*24536528 01~REF*CE*CMKPA21007~DTM*232*20240723~SVC*N4:00781321046*4053.60*115.32**3~CAS*CO*90*4003.91**91*-65.63**130*-0.32**130*0.32~CLP*0789750*4*4053.60*0**13*242082384841317~NM1*QC*1*PARKER*CURTIS****MI*24536528~NM1*IL*1*NOT ON FILE*NOT ON FILE****MI*24536528~DTM*232*20240723~SVC*N4:00000000000*4053.60*0**3~CAS*CO*90*4053.60**130*-0.32**130*0.32~LQ*RX*52~LQ*RX*06~CLP*10344521*4*33411.42*0**13*2420825085603122338~NM1*QC*1*BENNETT*REESE****MI*24593410 01~DTM*232*20240726~SVC*N4:57894006103*33411.42*0**1~CAS*CO*90*33411.42**130*-0.32**130*0.32~LQ*RX*76~CLP*10354929*1*5625.91*5616.85*3*13*2420828744423252338~NM1*QC*1*ROSARIO*IDA L****MI*27162995 01~REF*CE*CMKPA21007~DTM*232*20240726~SVC*N4:00069100101*5625.91*5616.85**60~CAS*CO*90*6.06**130*-0.32**130*0.32~CAS*PR*3*3~CLP*10355288*4*9127.68*0**13*2420829117743392338~NM1*QC*1*STANCZYK*DEVIN****MI*24304314 01~DTM*232*20240726~SVC*N4:00024591502*9127.68*0**8~CAS*CO*90*9127.68**130*-0.32**130*0.32**262*95**95*-95~LQ*RX*13~CLP*10356983*4*3287.99*0**13*2420829452780502338~NM1*QC*1*KELEMEN*KAYLA****MI*24473998 01~DTM*232*20240726~SVC*N4:00002418230*3287.99*0**30~CAS*CO*90*3287.99**130*-0.32**130*0.32**262*76**95*-76~LQ*RX*01~CLP*0458369*1*15841.93*12806.28*3*13*2420830336721672338~NM1*QC*1*SKALOS*JONATHAN****MI*27076037 01~REF*CE*CMKPA21007~DTM*232*20240726~SVC*N4:00074262528*15841.93*12806.28**84~CAS*CO*90*3036.60**91*-3.95**130*-0.32**130*0.32~CAS*PR*3*3~CLP*0458369*22*-15841.93*-12806.28**13*2420830336721672338~NM1*QC*1*SKALOS*JONATHAN****MI*27076037 01~REF*CE*CMKPA21007~DTM*232*20240726~SVC*N4:00074262528*-15841.93*-12806.28**-84~CAS*CO*90*-3036.60**91*3.95**130*-0.32**130*0.32~CAS*CO*3*-3~CLP*0458382*4*6836.37*0**13*2420831163460392338~NM1*QC*1*VICTOR*SOANETTE****MI*22303490 01~DTM*232*20240726~SVC*N4:00003218851*6836.37*0**4~CAS*CO*90*6834.32**91*2.05**130*-0.32**130*0.32~LQ*RX*79~CLP*0458402*4*1298.25*0**13*2420832896213509110~NM1*QC*1*ROTZ*MICHAEL****MI*GA171290901~DTM*232*20240726~SVC*N4:55566410001*1298.25*0**6~CAS*CO*90*1298.25~LQ*RX*69~LQ*RX*04~CLP*10341560*1*3074.96*3068.96**13*2420834056792412338~NM1*QC*1*CERRELLI*RHYS****MI*23234330 01~REF*CE*CMKPA21007~DTM*232*20240726~SVC*N4:00169770521*3074.96*3068.96**3~CAS*CO*91*6**130*-0.32**130*0.32~CLP*0458439*1*161.85*131.70**13*2420835380130132338~NM1*QC*1*DONALDSON*LEYNA****MI*23141628 01~REF*CE*CMKPA21007~DTM*232*20240726~SVC*N4:50242010040*161.85*131.70**2.50~CAS*CO*90*30.15**130*-0.32**130*0.32~CLP*0458439*22*-161.85*-131.70**13*2420835380130132338~NM1*QC*1*DONALDSON*LEYNA****MI*23141628 01~REF*CE*CMKPA21007~DTM*232*20240726~SVC*N4:50242010040*-161.85*-131.70**-2.50~CAS*CO*90*-30.15**130*-0.32**130*0.32~CLP*10344521*2*33411.42*8686.26**13*2420835546932742338~NM1*QC*1*BENNETT*REESE****MI*24593410 01~REF*CE*CMKPA21007~DTM*232*20240726~SVC*N4:57894006103*33411.42*8686.26**1~CAS*CO*90*6488.24**91*-6**130*-0.32**130*0.32~CAS*OA*23*18242.92~CLP*0458445*1*4681.50*3777.05**13*2420835833172892338~NM1*QC*1*DONALDSON*LEYNA****MI*23141628 01~REF*CE*CMKPA21007~DTM*232*20240726~SVC*N4:50242010040*4681.50*3777.05**75~CAS*CO*90*904.45**130*-0.32**130*0.32~CLP*0458445*22*-4681.50*-3777.05**13*2420835833172892338~NM1*QC*1*DONALDSON*LEYNA****MI*23141628 01~REF*CE*CMKPA21007~DTM*232*20240726~SVC*N4:50242010040*-4681.50*-3777.05**-75~CAS*CO*90*-904.45**130*-0.32**130*0.32~CLP*10352616*1*15842.05*12806.28*3*13*2420836465381342338~NM1*QC*1*SKALOS*JONATHAN****MI*27076037 01~REF*CE*CMKPA21007~DTM*232*20240726~SVC*N4:00074262528*15842.05*12806.28**84~CAS*CO*90*3036.72**91*-3.95**130*-0.32**130*0.32~CAS*PR*3*3~CLP*0458464*1*8307.14*0*7149.64*13*2420837841661349710~NM1*QC*1*GARCIA*CHRISTOPHER****MI*6CM00104501~REF*CE*CNTRCT5001~DTM*232*20240726~SVC*N4:00074055402*8307.14*0**2~CAS*CO*90*1163**91*-5.5**130*-0.32**130*0.32~CAS*PR*3*7149.64~CLP*0458464*22*-8307.14*0**13*2420837841661349710~NM1*QC*1*GARCIA*CHRISTOPHER****MI*6CM00104501~REF*CE*CNTRCT5001~DTM*232*20240726~SVC*N4:00074055402*-8307.14*0**-2~CAS*CO*90*-1163**91*5.5**130*-0.32**130*0.32~CAS*CO*3*-7149.64~CLP*10342397*1*3452.84*3410.29**13*2420837942933112338~NM1*QC*1*MOORE*EMERSYN****MI*24232330 01~REF*CE*CMKPA21007~DTM*232*20240726~SVC*N4:00013264681*3452.84*3410.29**2~CAS*CO*90*42.55**130*-0.32**130*0.32~CLP*0458468*4*5545.56*0**13*2420838061142842338~NM1*QC*1*HILLISON*JAX****MI*27121972 01~DTM*232*20240726~SVC*N4:00078081881*5545.56*0**1~CAS*CO*90*5539.56**91*6**130*-0.32**130*0.32~LQ*RX*75~CLP*10354780*1*3677.15*3667.48**13*2420838124092522338~NM1*QC*1*HODGE*LEILA****MI*24545769 01~REF*CE*CMKPA21007~DTM*232*20240726~SVC*N4:00024591902*3677.15*3667.48**2.28~CAS*CO*90*9.67**130*-0.32**130*0.32~CLP*10306414*1*4874.34*4834.45*3*13*2420839301723212338~NM1*QC*1*LEDESMA*LUZ****MI*24588114 01~REF*CE*CMKPA21007~DTM*232*20240726~SVC*N4:55513013760*4874.34*4834.45**60~CAS*CO*90*36.89**130*-0.32**130*0.32~CAS*PR*3*3~CLP*0458494*4*4453.25*0**13*2420840045282992338~NM1*QC*1*MELEY*JENNIFER****MI*27218288 01~DTM*232*20240726~SVC*N4:58468042601*4453.25*0**2~CAS*CO*90*4451.20**91*2.05**130*-0.32**130*0.32~LQ*RX*70~LQ*RX*MR~CLP*0458501*4*6818.10*0**13*2420840888752032338~NM1*QC*1*ARTHUR JR*JOHN****MI*23098473 01~DTM*232*20240726~SVC*N4:00310183030*6818.10*0**1~CAS*CO*90*6812.10**91*6**130*-0.32**130*0.32~LQ*RX*75~CLP*10356983*2*3287.99*0**13*2420842656192352338~NM1*QC*1*KELEMEN*KAYLA****MI*24473998 01~REF*CE*CMKPA21007~DTM*232*20240726~SVC*N4:00002418230*3287.99*0**30~CAS*CO*90*638.42**91*-6**130*-0.32**130*0.32~CAS*OA*23*2655.57~CLP*10357832*1*3748.83*3742.83**13*2420844487963162338~NM1*QC*1*DONALDSON*LEYNA****MI*23141628 01~REF*CE*CMKPA21007~DTM*232*20240726~SVC*N4:50242010040*3748.83*3742.83**75~CAS*CO*91*6**130*-0.32**130*0.32~CLP*10355998*1*5536.33*5527.33*3*13*2420845420772672338~NM1*QC*1*DAUGHERTY*PATRICIA****MI*24114030 01~REF*CE*CMKPA21007~DTM*232*20240726~SVC*N4:00003218851*5536.33*5527.33**4~CAS*CO*91*6**130*-0.32**130*0.32~CAS*PR*3*3~CLP*0458569*4*1298.25*0**13*2420846737250797648~NM1*QC*1*SCHADE*RACHEL****MI*19462930003~NM1*IL*1*SCHADE*RACHEL****MI*19462930003~DTM*232*20240726~SVC*N4:55566410001*1298.25*0**6~CAS*CO*90*1298.25**130*-0.32**130*0.32~LQ*RX*75~CLP*0458575*4*7717.50*0**13*242084724149328~NM1*QC*1*ANDREWS*JAKOB****MI*000000000~DTM*232*20240726~SVC*N4:00074231030*7717.50*0**30~CAS*CO*90*7717.50**130*-0.32**130*0.32~LQ*RX*52~LQ*RX*06~CLP*0458577*4*7717.50*0**13*2420847364880071295~NM1*QC*1*ANDREWS*JAKOB****MI*17060368903~NM1*IL*1*ANDREWS*JAKOB****MI*17060368903~DTM*232*20240726~SVC*N4:00074231030*7717.50*0**30~CAS*CO*90*7717.50**130*-0.32**130*0.32~LQ*RX*R6~LQ*RX*75~CLP*0458585*1*4569.84*3673.31**13*2420848069992792338~NM1*QC*1*SMITH*OLIVIA****MI*24447332 01~REF*CE*CMKPA21007~DTM*232*20240726~SVC*N4:00024591401*4569.84*3673.31**4~CAS*CO*90*896.53**130*-0.32**130*0.32~CLP*0458585*22*-4569.84*-3673.31**13*2420848069992792338~NM1*QC*1*SMITH*OLIVIA****MI*24447332 01~REF*CE*CMKPA21007~DTM*232*20240726~SVC*N4:00024591401*-4569.84*-3673.31**-4~CAS*CO*90*-896.53**130*-0.32**130*0.32~CLP*0458621*1*7723.50*6241.84*3*13*2420852293543082338~NM1*QC*1*VAIL*ALETA****MI*23001343 01~REF*CE*CMKPA21007~DTM*232*20240726~SVC*N4:00074230630*7723.50*6241.84**30~CAS*CO*90*1478.66**130*-0.32**130*0.32~CAS*PR*3*3~CLP*0458621*22*-7723.50*-6241.84**13*2420852293543082338~NM1*QC*1*VAIL*ALETA****MI*23001343 01~REF*CE*CMKPA21007~DTM*232*20240726~SVC*N4:00074230630*-7723.50*-6241.84**-30~CAS*CO*90*-1478.66**130*-0.32**130*0.32~CAS*CO*3*-3~CLP*0458699*4*8313.14*0**13*2421126656431642338~NM1*QC*1*SNYDER*SAVANNAH****MI*24563510 01~DTM*232*20240729~SVC*N4:00074061602*8313.14*0**2~CAS*CO*90*8307.14**91*6**130*-0.32**130*0.32~LQ*RX*980~CLP*0458718*1*16653.36*13410.60*3*13*2421128368360782338~NM1*QC*1*ORTIZ*ALICIA****MI*22963382 01~REF*CE*CMKPA21007~DTM*232*20240729~SVC*N4:57894064011*16653.36*13410.60**1~CAS*CO*90*3239.76**130*-0.32**130*0.32~CAS*PR*3*3~CLP*0458718*22*-16653.36*-13410.60**13*2421128368360782338~NM1*QC*1*ORTIZ*ALICIA****MI*22963382 01~REF*CE*CMKPA21007~DTM*232*20240729~SVC*N4:57894064011*-16653.36*-13410.60**-1~CAS*CO*90*-3239.76**130*-0.32**130*0.32~CAS*CO*3*-3~CLP*10355121*4*13045.88*0**13*2421128700952212338~NM1*QC*1*FRANCO*MELENIE****MI*24591474 01~DTM*232*20240729~SVC*N4:57894064001*13045.88*0**1~CAS*CO*90*13039.88**91*6**130*-0.32**130*0.32~LQ*RX*88~CLP*0458735*4*1298.25*0**13*2421129018283717648~NM1*QC*1*SCHADE*RACHEL****MI*19462930003~NM1*IL*1*SCHADE*RACHEL****MI*19462930003~DTM*232*20240729~SVC*N4:55566410001*1298.25*0**6~CAS*CO*90*1298.25**130*-0.32**130*0.32~LQ*RX*75~CLP*10349493*1*1202.27*1196.27**13*2421129366572412338~NM1*QC*1*CHRISTIAN*JAMIE****MI*27217526 01~REF*CE*CMKPA21007~DTM*232*20240729~SVC*N4:50242021501*1202.27*1196.27**1~CAS*CO*91*6**130*-0.32**130*0.32~CLP*0458744*4*6818.10*0**13*2421129392540602338~NM1*QC*1*ARTHUR JR*JOHN****MI*23098473 01~DTM*232*20240729~SVC*N4:00310183030*6818.10*0**1~CAS*CO*90*6812.10**91*6**130*-0.32**130*0.32~LQ*RX*75~CLP*0748127*1*45.54*10.90*1*13*2421132988441282338~NM1*QC*1*MARTIN*RYAN****MI*22163827 01~REF*CE*CMKPA21007~DTM*232*20240725~SVC*N4:00338004903*45.54*10.90**1500~CAS*CO*90*39.27**91*-5.63**130*-0.32**130*0.32~CAS*PR*3*1~CLP*0748125*4*13072.18*0**13*2421133009470092338~NM1*QC*1*MARTIN*RYAN****MI*22163827 01~DTM*232*20240725~SVC*N4:13533080024*13072.18*0**1200~CAS*CO*90*13072.18**130*-0.32**130*0.32~LQ*RX*76~LQ*RX*19~CLP*0790063*1*233.73*81.39**13*2421133062870102338~NM1*QC*1*SNYDER*ALEXIS****MI*23141091 01~REF*CE*CMKPA21007~DTM*232*20240725~SVC*N4:70594003401*233.73*81.39**100~CAS*CO*90*218.34**91*-66**130*-0.32**130*0.32~CLP*0787949*4*2067.12*0**13*242113311415113~NM1*QC*1*LAYMAN*GARY****MI*22842284~NM1*IL*1*NOT ON FILE*NOT ON FILE****MI*22842284~DTM*232*20240724~SVC*N4:44567021110*2067.12*0**36~CAS*CO*90*2067.12**130*-0.32**130*0.32~LQ*RX*52~LQ*RX*06~CLP*0788267*1*648*67.56**13*2421133213422782338~NM1*QC*1*SEABROOKS*SHAKINAH****MI*24670498 01~REF*CE*CMKPA21007~DTM*232*20240724~SVC*N4:70594003401*648*67.56**2.40~CAS*CO*90*586.44**91*-6**130*-0.32**130*0.32~CLP*0776229*4*1788.90*0**13*2421133262660172338~NM1*QC*1*MASILUNAS*BRIAN****MI*22217966 01~DTM*232*20240724~SVC*N4:63323037805*1788.90*0**21~CAS*CO*90*1788.90**130*-0.32**130*0.32~LQ*RX*69~CLP*0776229*4*1788.90*0**13*2421133262660172338~NM1*QC*1*MASILUNAS*BRIAN****MI*22217966 01~DTM*232*20240724~SVC*N4:63323037805*1788.90*0**21~CAS*CO*90*1788.90**130*-0.32**130*0.32~LQ*RX*69~CLP*0769748*1*50.72*50.72**13*2421133349901522338~NM1*QC*1*HERNANDEZ*MARIAH****MI*27202316 01~REF*CE*CMKPA21007~DTM*232*20240724~SVC*N4:00409610204*50.72*50.72**16~CAS*CO*90*46.03**91*-46.03**130*-0.32**130*0.32~CLP*0789974*1*238.75*70.05**13*2421133428562752338~NM1*QC*1*HERNANDEZ*MARIAH****MI*27202316 01~REF*CE*CMKPA21007~DTM*232*20240724~SVC*N4:55513012610*238.75*70.05**2~CAS*CO*90*174.70**91*-6**130*-0.32**130*0.32~CLP*0778440*1*865.21*114.59**13*2421133456203672338~NM1*QC*1*PERALTA*JULIAN****MI*27127244 01~REF*CE*CMKPA21007~DTM*232*20240724~SVC*N4:60505614704*865.21*114.59**700~CAS*CO*90*816.25**91*-65.63**130*-0.32**130*0.32~CLP*0788561*1*31199.70*8322.92*3*13*2421133492732532338~NM1*QC*1*MIHILEK*CHRISTIAN****MI*27161192 01~REF*CE*CMKPA21007~DTM*232*20240724~SVC*N4:64764030020*31199.70*8322.92**1~CAS*CO*90*22879.78**91*-6**130*-0.32**130*0.32~CAS*PR*3*3~CLP*0789775*4*773.73*0**13*2421133551612302338~NM1*QC*1*HARRINGTON*TYLIAH****MI*22760088 01~DTM*232*20240724~SVC*N4:63323032520*773.73*0**108~CAS*CO*90*773.73**130*-0.32**130*0.32~LQ*RX*70~LQ*RX*MR~LQ*RX*70~CLP*0790006*1*94.22*75.90**13*2421133625351032338~NM1*QC*1*GILFOYLE*BRIAN****MI*23137624 01~REF*CE*CMKPA21007~DTM*232*20240725~SVC*N4:63323023861*94.22*75.90**700~CAS*CO*90*83.95**91*-65.63**130*-0.32**130*0.32~CLP*0789969*4*226.14*0**13*242113383364108~NM1*QC*1*CLAWSON*JOANN****MI*22078638~NM1*IL*1*NOT ON FILE*NOT ON FILE****MI*22078638~DTM*232*20240724~SVC*N4:00000000000*226.14*0**164.20~CAS*CO*90*226.14**130*-0.32**130*0.32~LQ*RX*52~LQ*RX*06~CLP*10299684*1*5694.62*5685.62*3*13*2421134455191042338~NM1*QC*1*POTTMYER*JEANNIE****MI*27073271 01~REF*CE*CMKPA21007~DTM*232*20240729~SVC*N4:00069100101*5694.62*5685.62**60~CAS*CO*91*6**130*-0.32**130*0.32~CAS*PR*3*3~CLP*0458866*4*2309.42*0**13*2421134497180102338~NM1*QC*1*GAINES*MYIA****MI*23221882 01~DTM*232*20240729~SVC*N4:50222034602*2309.42*0**2~CAS*CO*90*2303.42**91*6**130*-0.32**130*0.32~LQ*RX*69~CLP*10328168*1*4634.95*4628.95**13*2421136997282862338~NM1*QC*1*THOMAS*DAVID****MI*22822598 01~REF*CE*CMKPA21007~DTM*232*20240729~SVC*N4:00169770821*4634.95*4628.95**3~CAS*CO*91*6**130*-0.32**130*0.32~CLP*10351566*1*3697.69*3673.31**13*2421137065502722338~NM1*QC*1*LYLES*JORDAN****MI*23237615 01~REF*CE*CMKPA21007~DTM*232*20240729~SVC*N4:00024591401*3697.69*3673.31**4~CAS*CO*90*24.38**130*-0.32**130*0.32~CLP*10318449*1*3657.53*3648.53*3*13*2421137144732492338~NM1*QC*1*RHINES*DENISE****MI*27040459 01~REF*CE*CMKPA21007~DTM*232*20240729~SVC*N4:00024591502*3657.53*3648.53**4~CAS*CO*91*6**130*-0.32**130*0.32~CAS*PR*3*3~CLP*10355609*1*6308.07*6241.84*3*13*2421138364193692338~NM1*QC*1*VAIL*ALETA****MI*23001343 01~REF*CE*CMKPA21007~DTM*232*20240729~SVC*N4:00074230630*6308.07*6241.84**30~CAS*CO*90*63.23**130*-0.32**130*0.32~CAS*PR*3*3~CLP*10331329*1*11697.72*11618.41*3*13*2421138495271332338~NM1*QC*1*CIPOLLONE*DEBRA****MI*27017614 01~REF*CE*CMKPA21007~DTM*232*20240729~SVC*N4:00074104328*11697.72*11618.41**28~CAS*CO*90*76.31**130*-0.32**130*0.32~CAS*PR*3*3~CLP*10349621*1*6668.33*6653.43*3*13*2421138744590012338~NM1*QC*1*STRUNK*MICHAEL****MI*22834248 01~REF*CE*CMKPA21007~DTM*232*20240729~SVC*N4:00002144511*6668.33*6653.43**1~CAS*CO*90*11.90**130*-0.32**130*0.32~CAS*PR*3*3~CLP*0458936*4*4563.84*0**13*2421139289731185806~NM1*QC*1*SMILLER*DOLORES****MI*17136422601~DTM*232*20240729~SVC*N4:00024591401*4563.84*0**4~CAS*CO*90*4563.84**130*-0.32**130*0.32~LQ*RX*41~CLP*10355859*1*2060.46*1661.56**13*2421139905132352338~NM1*QC*1*CONNOR*LEESA****MI*27200254 01~REF*CE*CMKPA21007~DTM*232*20240729~SVC*N4:00074364103*2060.46*1661.56**1~CAS*CO*90*402.85**91*-3.95**130*-0.32**130*0.32~CLP*0458947*1*19180.93*15988.39**13*2421141343793572338~NM1*QC*1*ADAMS*JAN****MI*27027964 01~REF*CE*CMKPA21007~DTM*232*20240729~SVC*N4:00069068803*19180.93*15988.39**21~CAS*CO*90*3196.49**91*-3.95**130*-0.32**130*0.32~CLP*0458947*22*-19180.93*-15988.39**13*2421141343793572338~NM1*QC*1*ADAMS*JAN****MI*27027964 01~REF*CE*CMKPA21007~DTM*232*20240729~SVC*N4:00069068803*-19180.93*-15988.39**-21~CAS*CO*90*-3196.49**91*3.95**130*-0.32**130*0.32~CLP*10358127*22*-11649*-5237.25**13*2421144636903389487~NM1*QC*1*LESHOCK*JACK****MI*G0240703401~REF*CE*MDR0S24D03~DTM*232*20240729~SVC*N4:72205003092*-11649*-5237.25**-120~CAS*CO*90*-6406.95**91*0.2**130*0.34**130*-0.34~CAS*CO*3*-5~CLP*0459002*1*57998.40*46683.34**13*2421144900341432338~NM1*QC*1*BECKER*CURTIS****MI*27051984 01~REF*CE*CMKPA21007~DTM*232*20240729~SVC*N4:00169770521*57998.40*46683.34**45~CAS*CO*90*11315.06**130*-0.32**130*0.32~CLP*0459002*22*-57998.40*-46683.34**13*2421144900341432338~NM1*QC*1*BECKER*CURTIS****MI*27051984 01~REF*CE*CMKPA21007~DTM*232*20240729~SVC*N4:00169770521*-57998.40*-46683.34**-45~CAS*CO*90*-11315.06**130*-0.32**130*0.32~CLP*10358137*4*1234.87*0**13*2421145496771465806~NM1*QC*1*SMILLER*DOLORES****MI*17136422601~DTM*232*20240729~SVC*N4:00024591401*1234.87*0**4~CAS*CO*90*1234.87**130*-0.32**130*0.32~LQ*RX*7M~CLP*10358137*4*1234.87*0**13*242114557541307~NM1*QC*1*SMILLER*DOLORES****MI*085075298~DTM*232*20240729~SVC*N4:00024591401*1234.87*0**4~CAS*CO*90*1234.87**130*-0.32**130*0.32~LQ*RX*6E~LQ*RX*5E~LQ*RX*DV~CLP*10358137*4*1234.87*0**13*2421145593320285806~NM1*QC*1*SMILLER*DOLORES****MI*17136422601~DTM*232*20240729~SVC*N4:00024591401*1234.87*0**4~CAS*CO*90*1234.87**130*-0.32**130*0.32~LQ*RX*NQ~CLP*10358137*4*1234.87*0**13*2421145631110415806~NM1*QC*1*SMILLER*DOLORES****MI*17136422601~DTM*232*20240729~SVC*N4:00024591401*1234.87*0**4~CAS*CO*90*1234.87**130*-0.32**130*0.32~LQ*RX*01~CLP*0459027*4*2143.34*0**13*2421146126890181295~NM1*QC*1*KNOPSNYDER*MELISSA****MI*19956677726~NM1*IL*1*KNOPSNYDER*MELISSA****MI*19956677726~DTM*232*20240729~SVC*N4:55513071001*2143.34*0**1~CAS*CO*90*2143.34**130*-0.32**130*0.32~LQ*RX*R6~LQ*RX*75~CLP*0459045*1*4453.25*3712.34*3*13*2421148043622762338~NM1*QC*1*MELEY*JENNIFER****MI*27218288 01~REF*CE*CMKPA21007~DTM*232*20240729~SVC*N4:58468042601*4453.25*3712.34**2~CAS*CO*90*741.86**91*-3.95**130*-0.32**130*0.32~CAS*PR*3*3~CLP*0459045*22*-4453.25*-3712.34**13*2421148043622762338~NM1*QC*1*MELEY*JENNIFER****MI*27218288 01~REF*CE*CMKPA21007~DTM*232*20240729~SVC*N4:58468042601*-4453.25*-3712.34**-2~CAS*CO*90*-741.86**91*3.95**130*-0.32**130*0.32~CAS*CO*3*-3~CLP*10358137*4*4563.84*0**13*2421148693632165806~NM1*QC*1*SMILLER*DOLORES****MI*17136422601~DTM*232*20240729~SVC*N4:00024591401*4563.84*0**4~CAS*CO*90*4563.84**130*-0.32**130*0.32~LQ*RX*7M~CLP*10358137*4*4563.84*0**13*2421148756060035806~NM1*QC*1*SMILLER*DOLORES****MI*17136422601~DTM*232*20240729~SVC*N4:00024591401*4563.84*0**4~CAS*CO*90*4563.84**130*-0.32**130*0.32~LQ*RX*01~CLP*0459070*4*2905.62*0**13*2421149634701712338~NM1*QC*1*ROSEBOROUGH*RYAN****MI*27067356 01~DTM*232*20240729~SVC*N4:00169770821*2905.62*0**1.50~CAS*CO*90*2899.62**91*6**130*-0.32**130*0.32~LQ*RX*88~CLP*0459075*1*6946.80*5616.85*3*13*2421149972793662338~NM1*QC*1*BONILLA PEREZ*XZAVIER****MI*22318297 01~REF*CE*CMKPA21007~DTM*232*20240729~SVC*N4:00069100101*6946.80*5616.85**60~CAS*CO*90*1326.95**130*-0.32**130*0.32~CAS*PR*3*3~CLP*0459075*22*-6946.80*-5616.85**13*2421149972793662338~NM1*QC*1*BONILLA PEREZ*XZAVIER****MI*22318297 01~REF*CE*CMKPA21007~DTM*232*20240729~SVC*N4:00069100101*-6946.80*-5616.85**-60~CAS*CO*90*-1326.95**130*-0.32**130*0.32~CAS*CO*3*-3~CLP*0459102*1*775.20*0*624.39*13*2421151353141705806~NM1*QC*1*KIM*ELISE****MI*56557029503~NM1*IL*1*KIM*ELISE****MI*56557029503~REF*CE*CNTRCT1001~DTM*232*20240729~SVC*N4:00023114501*775.20*0**1~CAS*CO*90*150.91**91*-0.1**130*-0.32**130*0.32~CAS*PR*3*624.39~CLP*0459102*22*-775.20*0**13*2421151353141705806~NM1*QC*1*KIM*ELISE****MI*56557029503~NM1*IL*1*KIM*ELISE****MI*56557029503~REF*CE*CNTRCT1001~DTM*232*20240729~SVC*N4:00023114501*-775.20*0**-1~CAS*CO*90*-150.91**91*0.1**130*-0.32**130*0.32~CAS*CO*3*-624.39~CLP*10358137*4*4563.84*0**13*242115251849092~NM1*QC*1*SMILLER*DOLORES****MI*000000000~DTM*232*20240729~SVC*N4:00024591401*4563.84*0**4~CAS*CO*90*4563.84**130*-0.32**130*0.32~LQ*RX*04~LQ*RX*06~LQ*RX*01~CLP*10358137*4*4563.84*0**13*242115259797330~NM1*QC*1*SMILLER*DOLORES****MI*000000000~DTM*232*20240729~SVC*N4:00024591401*4563.84*0**4~CAS*CO*90*4563.84**130*-0.32**130*0.32~LQ*RX*04~LQ*RX*06~LQ*RX*01~CLP*10358137*4*1234.87*0**13*2421152849092815806~NM1*QC*1*SMILLER*DOLORES****MI*17136422601~DTM*232*20240729~SVC*N4:00024591401*1234.87*0**4~CAS*CO*90*1234.87**130*-0.32**130*0.32~LQ*RX*NQ~CLP*10358137*4*1234.87*0**13*2421152849092815806~NM1*QC*1*SMILLER*DOLORES****MI*17136422601~DTM*232*20240729~SVC*N4:00024591401*1234.87*0**4~CAS*CO*90*1234.87**130*-0.32**130*0.32~LQ*RX*7M~CLP*10358137*4*4563.84*0**13*2421152913300545806~NM1*QC*1*SMILLER*DOLORES****MI*17136422601~DTM*232*20240729~SVC*N4:00024591401*4563.84*0**4~CAS*CO*90*4563.84**130*-0.32**130*0.32~LQ*RX*7M~CLP*10358137*4*1234.87*0**13*2421152913300545806~NM1*QC*1*SMILLER*DOLORES****MI*17136422601~DTM*232*20240729~SVC*N4:00024591401*1234.87*0**4~CAS*CO*90*1234.87**130*-0.32**130*0.32~LQ*RX*01~CLP*10358137*4*4563.84*0**13*2421153051203505806~NM1*QC*1*SMILLER*DOLORES****MI*17136422601~DTM*232*20240729~SVC*N4:00024591401*4563.84*0**4~CAS*CO*90*4563.84**130*-0.32**130*0.32~LQ*RX*7M~CLP*10358137*4*4563.84*0**13*242115305120350~NM1*QC*1*SMILLER*DOLORES****MI*000000000~DTM*232*20240729~SVC*N4:00024591401*4563.84*0**4~CAS*CO*90*4563.84**130*-0.32**130*0.32~LQ*RX*04~LQ*RX*06~LQ*RX*01~CLP*10358137*4*4563.84*0**13*2421153181692375806~NM1*QC*1*SMILLER*DOLORES****MI*17136422601~DTM*232*20240729~SVC*N4:00024591401*4563.84*0**4~CAS*CO*90*4563.84**130*-0.32**130*0.32~LQ*RX*R6~LQ*RX*75~CLP*0459161*4*12411*0**13*2421155339820926500~NM1*QC*1*MCNEIL*DANIEL****MI*R5904056802~NM1*IL*1*MCNEIL*DANIEL****MI*R5904056802~DTM*232*20240729~SVC*N4:82293000210*12411*0**60~CAS*CO*90*12411**130*-0.32**130*0.32~LQ*RX*75~CLP*10358365*4*12525.37*0**13*2421954412610152342~NM1*QC*1*SIMS*BENJAMIN****MI*71011600 01~DTM*232*20240806~SVC*N4:50458060901*12525.37*0**2.62~CAS*CO*90*12523.32**91*2.05~LQ*RX*E7~CLP*10358365*1*12525.37*9517.72**13*2421954412610152342~NM1*QC*1*SIMS*BENJAMIN****MI*71011600 01~REF*CE*MDE0S24D03~DTM*232*20240806~SVC*N4:50458060901*12525.37*9517.72**2.63~CAS*CO*90*3005.60**91*2.05**130*-0.34**130*0.34~CLP*10358365*22*-12525.37*-9517.72**13*2421954412610152342~NM1*QC*1*SIMS*BENJAMIN****MI*71011600 01~REF*CE*MDE0S24D03~DTM*232*20240806~SVC*N4:50458060901*-12525.37*-9517.72**-2.63~CAS*CO*90*-3005.60**91*-2.05**130*0.34**130*-0.34~CLP*0461707*1*18486.72*15274.80*32.54*13*2422024673760799448~NM1*QC*1*RITTER*LINDA****MI*G4C43377501~REF*CE*MDR0S24D03~DTM*232*20240807~SVC*N4:00002448354*18486.72*15274.80**56~CAS*CO*90*3179.58**91*-0.2~CAS*PR*3*32.54~CLP*0461707*22*-18486.72*-15274.80**13*2422024673760799448~NM1*QC*1*RITTER*LINDA****MI*G4C43377501~REF*CE*MDR0S24D03~DTM*232*20240807~SVC*N4:00002448354*-18486.72*-15274.80**-56~CAS*CO*90*-3179.58**91*0.2~CAS*CO*3*-32.54~CLP*10359554*1*17897.29*14996.41**13*2422027738543652342~NM1*QC*1*SMITH*JACK****MI*70122678 01~REF*CE*MDR0S24D03~DTM*232*20240807~SVC*N4:59676060430*17897.29*14996.41**30~CAS*CO*90*2899.03**91*1.85**130*-0.34**130*0.34~CLP*0791281*1*1047.15*324.50**13*2422029122170792342~NM1*QC*1*RIVERA*MARITZA****MI*70083108 01~REF*CE*MEDDHIF000~DTM*232*20240802~SVC*N4:63323031461*1047.15*324.50**2750~CAS*CO*90*784.65**91*-62**130*-0.34**130*0.34~CLP*0791283*1*1972.55*616.40**13*2422029145703662342~NM1*QC*1*RIVERA*MARITZA****MI*70083108 01~REF*CE*MEDDHIF000~DTM*232*20240802~SVC*N4:60505614704*1972.55*616.40**1600~CAS*CO*90*1418.15**91*-62**130*-0.34**130*0.34~CLP*0750831*1*45.54*2.85*12*13*2422029475012539448~NM1*QC*1*LEVKULICH*MARCIA****MI*G6C07792101~REF*CE*MEDDHIF000~DTM*232*20240801~SVC*N4:00338004903*45.54*2.85**1500~CAS*CO*90*32.69**91*-2**130*-0.34**130*0.34~CAS*PR*3*12~CLP*0787086*1*3383.73*222.84**13*2422029499860609110~NM1*QC*1*ISHERWOOD*ARCHIE****MI*GA359539601~REF*CE*MEDDHIF000~DTM*232*20240802~SVC*N4:63323072910*3383.73*222.84**4.50~CAS*CO*90*3162.89**91*-2**130*-0.34**130*0.34~CLP*0791380*1*864*184.37*61.34*13*2422029529922349448~NM1*QC*1*RAHUBA*STEPHEN****MI*G7C04597301~REF*CE*MEDDHIF000~DTM*232*20240803~SVC*N4:70594003401*864*184.37**4~CAS*CO*90*620.29**91*-2**130*-0.34**130*0.34~CAS*PR*3*61.34~CLP*0461769*1*1136.22*707.95*176.90*13*2422034275093582342~NM1*QC*1*MURPHY*SEAN****MI*22849282 01~REF*CE*MDR0S24D03~DTM*232*20240807~SVC*N4:70121250502*1136.22*707.95**20~CAS*CO*90*249.52**91*1.85~CAS*PR*3*176.90~CLP*0461769*22*-1136.22*-707.95**13*2422034275093582342~NM1*QC*1*MURPHY*SEAN****MI*22849282 01~REF*CE*MDR0S24D03~DTM*232*20240807~SVC*N4:70121250502*-1136.22*-707.95**-20~CAS*CO*90*-249.52**91*-1.85~CAS*CO*3*-176.90~CLP*10298443*1*10399.90*8527.97**13*2422037089853519110~NM1*QC*1*JARABAK*THERESA****MI*G0281737001~REF*CE*MDE1S100P5~DTM*232*20240807~SVC*N4:64764030020*10399.90*8527.97**1~CAS*CO*90*1871.98**91*-0.05**130*-0.34**130*0.34~CLP*0461836*1*12143.65*7468.47*2489.37*13*2422038753762239110~NM1*QC*1*GILBERT*MARYCATHERIN****MI*GA007677501~REF*CE*MDR1S100P5~DTM*232*20240807~SVC*N4:00074501501*12143.65*7468.47**10~CAS*CO*90*2185.86**91*-0.05~CAS*PR*3*2489.37~CLP*0461836*22*-12143.65*-7468.47**13*2422038753762239110~NM1*QC*1*GILBERT*MARYCATHERIN****MI*GA007677501~REF*CE*MDR1S100P5~DTM*232*20240807~SVC*N4:00074501501*-12143.65*-7468.47**-10~CAS*CO*90*-2185.86**91*0.05~CAS*CO*3*-2489.37~CLP*0461837*1*25220.83*18134.72*2546.41*13*2422038866102219110~NM1*QC*1*GILBERT*MARYCATHERIN****MI*GA007677501~REF*CE*MDE1S100P5~DTM*232*20240807~SVC*N4:00074106501*25220.83*18134.72**1.20~CAS*CO*90*4539.75**91*-0.05~CAS*PR*3*2546.41~CLP*0461837*22*-25220.83*-18134.72**13*2422038866102219110~NM1*QC*1*GILBERT*MARYCATHERIN****MI*GA007677501~REF*CE*MDE1S100P5~DTM*232*20240807~SVC*N4:00074106501*-25220.83*-18134.72**-1.20~CAS*CO*90*-4539.75**91*0.05~CAS*CO*3*-2546.41~CLP*10343341*1*4317.31*3644.01**13*2422038983580429448~NM1*QC*1*AGOSTA*SHERRY****MI*G8C55559701~REF*CE*MDR0S24D03~DTM*232*20240807~SVC*N4:00074057630*4317.31*3644.01**28~CAS*CO*90*673.50**91*-0.2**130*-0.34**130*0.34~CLP*10328509*1*18441.73*15122.27**13*2422038991601419110~NM1*QC*1*AMIC*LINDA****MI*G4C36757901~REF*CE*MDR1S100P5~DTM*232*20240807~SVC*N4:00310351260*18441.73*15122.27**60~CAS*CO*90*3319.51**91*-0.05**130*-0.34**130*0.34~CLP*10359739*1*18488.93*15307.34**13*2422039984953232342~NM1*QC*1*DEKEYSER*KATHLEEN****MI*70091361 01~REF*CE*MDR0S24D03~DTM*232*20240807~SVC*N4:00002481554*18488.93*15307.34**56~CAS*CO*90*3179.74**91*1.85**130*-0.34**130*0.34~CLP*0461873*1*6812.10*5450.18**13*2422042072790889544~NM1*QC*1*WILLIAMS*JANE****MI*G0C09054601~REF*CE*MDR0S0022C~DTM*232*20240807~SVC*N4:00310183030*6812.10*5450.18**1~CAS*CO*90*1362.42**91*-0.5~CLP*0461873*22*-6812.10*-5450.18**13*2422042072790889544~NM1*QC*1*WILLIAMS*JANE****MI*G0C09054601~REF*CE*MDR0S0022C~DTM*232*20240807~SVC*N4:00310183030*-6812.10*-5450.18**-1~CAS*CO*90*-1362.42**91*0.5~CLP*10354248*1*16289.28*13398.68**13*2422042463800999110~NM1*QC*1*CELO*ROBERT****MI*GA289182101~REF*CE*MDR0S100P3~DTM*232*20240807~SVC*N4:50419039501*16289.28*13398.68**120~CAS*CO*90*2891.35**91*-0.75**130*-0.34**130*0.34~CLP*0001234*4*8601.60*0**13*2422042579230269110~NM1*QC*1*MURIN*KATHLEEN****MI*G4Z16969601~DTM*232*20240807~SVC*N4:00069024901*8601.60*0**100~CAS*CO*90*8601.60~LQ*RX*70~LQ*RX*MR~LQ*RX*569~CLP*10359951*4*6812.10*0**13*2422046130162749544~NM1*QC*1*WILLIAMS*JANE****MI*G0C09054601~DTM*232*20240807~SVC*N4:00310183030*6812.10*0**1~CAS*CO*90*6812.10~LQ*RX*79~CLP*0461928*4*1552.45*0**13*2422046586773552342~NM1*QC*1*RUSSMAN*AMY****MI*70149103 01~DTM*232*20240807~SVC*N4:00023392102*1552.45*0**1~CAS*CO*90*1550.40**91*2.05~LQ*RX*79~CLP*0461933*1*12143.65*7468.47*2489.37*13*2422047061862359110~NM1*QC*1*GILBERT*MARYCATHERIN****MI*GA007677501~REF*CE*MDR1S100P5~DTM*232*20240807~SVC*N4:00074501501*12143.65*7468.47**10~CAS*CO*90*2185.86**91*-0.05~CAS*PR*3*2489.37~CLP*0461933*22*-12143.65*-7468.47**13*2422047061862359110~NM1*QC*1*GILBERT*MARYCATHERIN****MI*GA007677501~REF*CE*MDR1S100P5~DTM*232*20240807~SVC*N4:00074501501*-12143.65*-7468.47**-10~CAS*CO*90*-2185.86**91*0.05~CAS*CO*3*-2489.37~CLP*0461966*4*6812.10*0**13*2422049538232849544~NM1*QC*1*WILLIAMS*JANE****MI*G0C09054601~DTM*232*20240807~SVC*N4:00310183030*6812.10*0**1~CAS*CO*90*6812.10~LQ*RX*79~CLP*0461968*4*6812.10*0**13*2422049623713119544~NM1*QC*1*WILLIAMS*JANE****MI*G0C09054601~DTM*232*20240807~SVC*N4:00310183030*6812.10*0**1~CAS*CO*90*6812.10~LQ*RX*79~CLP*10359977*1*12143.65*7468.47*2489.37*13*2422049878992489110~NM1*QC*1*GILBERT*MARYCATHERIN****MI*GA007677501~REF*CE*MDR1S100P5~DTM*232*20240807~SVC*N4:00074501501*12143.65*7468.47**10~CAS*CO*90*2185.86**91*-0.05**130*-0.34**130*0.34~CAS*PR*3*2489.37~CLP*10357290*1*8309.19*6479.77**13*2422052659332862342~NM1*QC*1*KRALLMAN*DEAN****MI*22820800 01~REF*CE*MDR0S24D03~DTM*232*20240807~SVC*N4:00074055402*8309.19*6479.77**2~CAS*CO*90*1827.57**91*1.85**130*-0.34**130*0.34~CLP*0462024*1*25220.83*20071.20*30*13*2422053857182919448~NM1*QC*1*MERRILL*JOHN****MI*G0C15613601~REF*CE*MDR0S24D03~DTM*232*20240807~SVC*N4:00074210001*25220.83*20071.20**1~CAS*CO*90*5119.83**91*-0.2~CAS*PR*3*30~CLP*0462024*22*-25220.83*-20071.20**13*2422053857182919448~NM1*QC*1*MERRILL*JOHN****MI*G0C15613601~REF*CE*MDR0S24D03~DTM*232*20240807~SVC*N4:00074210001*-25220.83*-20071.20**-1~CAS*CO*90*-5119.83**91*0.2~CAS*CO*3*-30~CLP*0462025*1*25220.83*20071.20*30*13*2422053885010609448~NM1*QC*1*MERRILL*JOHN****MI*G0C15613601~REF*CE*MDR0S24D03~DTM*232*20240807~SVC*N4:00074210001*25220.83*20071.20**1~CAS*CO*90*5119.83**91*-0.2~CAS*PR*3*30~CLP*0462025*22*-25220.83*-20071.20**13*2422053885010609448~NM1*QC*1*MERRILL*JOHN****MI*G0C15613601~REF*CE*MDR0S24D03~DTM*232*20240807~SVC*N4:00074210001*-25220.83*-20071.20**-1~CAS*CO*90*-5119.83**91*0.2~CAS*CO*3*-30~CLP*10344764*1*11649*1730.88*576.84*13*2422058010782689110~NM1*QC*1*RUSH*DONALD****MI*08200242601~REF*CE*MDR1S100P5~DTM*232*20240807~SVC*N4:72205003092*11649*1730.88**120~CAS*CO*90*9341.33**91*-0.05**130*-0.34**130*0.34~CAS*PR*3*576.84~CLP*10360000*1*18486.88*15274.80*32.54*13*2422125389803579448~NM1*QC*1*RITTER*LINDA****MI*G4C43377501~REF*CE*MDR0S24D03~DTM*232*20240808~SVC*N4:00002448354*18486.88*15274.80**56~CAS*CO*90*3179.74**91*-0.2**130*-0.34**130*0.34~CAS*PR*3*32.54~CLP*10360077*1*25220.83*20071.20*30*13*2422127399411749448~NM1*QC*1*MERRILL*JOHN****MI*G0C15613601~REF*CE*MDR0S24D03~DTM*232*20240808~SVC*N4:00074210001*25220.83*20071.20**1~CAS*CO*90*5119.83**91*-0.2**130*-0.34**130*0.34~CAS*PR*3*30~CLP*0462093*1*8307.14*6604.38**13*2422127959593009511~NM1*QC*1*RUSMAN*CHARLES****MI*G8C68652701~REF*CE*MDR0S24D03~DTM*232*20240808~SVC*N4:00074055402*8307.14*6604.38**2~CAS*CO*90*1702.96**91*-0.2~CLP*0462093*22*-8307.14*-6604.38**13*2422127959593009511~NM1*QC*1*RUSMAN*CHARLES****MI*G8C68652701~REF*CE*MDR0S24D03~DTM*232*20240808~SVC*N4:00074055402*-8307.14*-6604.38**-2~CAS*CO*90*-1702.96**91*0.2~CLP*10358081*1*19669.96*16404.95**13*2422129883932029448~NM1*QC*1*ELIAS*ROBERT****MI*GA317855501~REF*CE*MDR0S24D03~DTM*232*20240808~SVC*N4:57962042028*19669.96*16404.95**28~CAS*CO*90*3265.21**91*-0.2**130*-0.34**130*0.34~CLP*10342013*1*4563.84*3742.40**13*2422129891081399110~NM1*QC*1*WATKINS*DEBORAH****MI*GA402226001~REF*CE*MDR1S100P5~DTM*232*20240808~SVC*N4:00024591502*4563.84*3742.40**4~CAS*CO*90*821.49**91*-0.05**130*-0.34**130*0.34~CLP*0462138*1*8882.20*7079.31**13*2422130763193499448~NM1*QC*1*BROOKS*SHERRI D****MI*GA334962301~REF*CE*MDR0S24D03~DTM*232*20240808~SVC*N4:58406003204*8882.20*7079.31**4~CAS*CO*90*1803.09**91*-0.2~CLP*0462138*22*-8882.20*-7079.31**13*2422130763193499448~NM1*QC*1*BROOKS*SHERRI D****MI*GA334962301~REF*CE*MDR0S24D03~DTM*232*20240808~SVC*N4:58406003204*-8882.20*-7079.31**-4~CAS*CO*90*-1803.09**91*0.2~CLP*10315053*1*16614.28*13623.76**13*2422131564903449110~NM1*QC*1*TORRES*JOHN****MI*GA485413801~REF*CE*MDR1S100P5~DTM*232*20240808~SVC*N4:00074055402*16614.28*13623.76**4~CAS*CO*90*2990.57**91*-0.05**130*-0.34**130*0.34~CLP*0791523*1*450.27*134.39*33.51*13*2422131633813482342~NM1*QC*1*HARRIS*LISA****MI*71002529 01~REF*CE*MEDDHIF000~DTM*232*20240805~SVC*N4:00143970801*450.27*134.39**126~CAS*CO*90*344.37**91*-62**130*-0.34**130*0.34~CAS*PR*3*33.51~CLP*10345452*1*8884.25*6928.32**13*2422134179203012342~NM1*QC*1*LANN*NATALIE****MI*70076499 01~REF*CE*MDR0S24D03~DTM*232*20240808~SVC*N4:58406003204*8884.25*6928.32**4~CAS*CO*90*1954.08**91*1.85**130*-0.34**130*0.34~CLP*0789515*1*53.19*17**13*2422134209730739110~NM1*QC*1*WISE*CAROLINE****MI*GA211840201~REF*CE*MEDDHIF000~DTM*232*20240802~SVC*N4:00338004904*53.19*17**3000~CAS*CO*90*38.19**91*-2**130*-0.34**130*0.34~CLP*0789517*4*118.10*0**13*2422134228960099110~NM1*QC*1*WISE*CAROLINE****MI*GA211840201~DTM*232*20240802~SVC*N4:00641037625*118.10*0**28~CAS*CO*90*118.10~LQ*RX*79~CLP*0789517*4*118.10*0**13*2422134228960099110~NM1*QC*1*WISE*CAROLINE****MI*GA211840201~DTM*232*20240802~SVC*N4:00641037625*118.10*0**28~CAS*CO*90*118.10~LQ*RX*79~CLP*0791549*1*536.13*149.22**13*2422134258453689110~NM1*QC*1*ISHERWOOD*ARCHIE****MI*GA359539601~REF*CE*MEDDHIF000~DTM*232*20240805~SVC*N4:63323072910*536.13*149.22**3~CAS*CO*90*388.91**91*-2**130*-0.34**130*0.34~CLP*0791543*1*72.91*22.56**13*2422134296752072342~NM1*QC*1*HALL*JILL****MI*70062357 01~REF*CE*MEDDHIF000~DTM*232*20240805~SVC*N4:00409733503*72.91*22.56**7~CAS*CO*90*52.35**91*-2**130*-0.34**130*0.34~CLP*10358535*1*2145.39*1628.94**13*2422134407211542342~NM1*QC*1*SHIRK*LORRIE J****MI*70143687 01~REF*CE*MDE0S24D03~DTM*232*20240808~SVC*N4:55513071001*2145.39*1628.94**1~CAS*CO*90*514.40**91*2.05**130*-0.34**130*0.34~CLP*0001234*1*983.39*542.31*291.83*13*2422134675581169110~NM1*QC*1*BUTTI*JAMES****MI*G7D11786101~REF*CE*MEDDHIF000~DTM*232*20240808~SVC*N4:42023022110*983.39*542.31**7~CAS*CO*90*151.25**91*-2~CAS*PR*3*291.83~CLP*0001234*22*-983.39*-542.31**13*2422134675581169110~NM1*QC*1*BUTTI*JAMES****MI*G7D11786101~REF*CE*MEDDHIF000~DTM*232*20240808~SVC*N4:42023022110*-983.39*-542.31**-7~CAS*CO*90*-151.25**91*2~CAS*CO*3*-291.83~CLP*0001234*1*456.77*179*209.52*13*2422134675581169110~NM1*QC*1*LEFDAHL*JOHN****MI*GA621754901~REF*CE*MEDDHIF000~DTM*232*20240808~SVC*N4:60505615904*456.77*179**21~CAS*CO*90*70.25**91*-2~CAS*PR*3*209.52~CLP*0001234*22*-456.77*-179**13*2422134675581169110~NM1*QC*1*LEFDAHL*JOHN****MI*GA621754901~REF*CE*MEDDHIF000~DTM*232*20240808~SVC*N4:60505615904*-456.77*-179**-21~CAS*CO*90*-70.25**91*2~CAS*CO*3*-209.52~CLP*0001234*4*456.77*0**13*2422134675581169110~NM1*QC*1*LEFDAHL*JOHN****MI*GA621754901~DTM*232*20240808~SVC*N4:60505615904*456.77*0**21~CAS*CO*90*456.77~LQ*RX*829~LQ*RX*619~CLP*0001234*4*456.77*0**13*2422134675581169110~NM1*QC*1*LEFDAHL*JOHN****MI*GA621754901~DTM*232*20240808~SVC*N4:60505615904*456.77*0**21~CAS*CO*90*456.77~LQ*RX*829~LQ*RX*619~CLP*0001234*4*456.77*0**13*2422134675581169110~NM1*QC*1*LEFDAHL*JOHN****MI*GA621754901~DTM*232*20240808~SVC*N4:60505615904*456.77*0**21~CAS*CO*90*456.77~LQ*RX*829~LQ*RX*25~LQ*RX*EZ~CLP*0001234*1*284.62*122.45**13*2422134675581169448~NM1*QC*1*CIEPLY*JOSEPH****MI*GA370056901~REF*CE*MEDDHIF000~DTM*232*20240808~SVC*N4:60505614604*284.62*122.45**7~CAS*CO*90*164.17**91*-2~CLP*0001234*22*-284.62*-122.45**13*2422134675581169448~NM1*QC*1*CIEPLY*JOSEPH****MI*GA370056901~REF*CE*MEDDHIF000~DTM*232*20240808~SVC*N4:60505614604*-284.62*-122.45**-7~CAS*CO*90*-164.17**91*2~CLP*0001234*1*456.77*179*209.52*13*2422134675581169110~NM1*QC*1*LEFDAHL*JOHN****MI*GA621754901~REF*CE*MEDDHIF000~DTM*232*20240808~SVC*N4:60505615904*456.77*179**21~CAS*CO*90*70.25**91*-2~CAS*PR*3*209.52~CLP*0001234*22*-456.77*-179**13*2422134675581169110~NM1*QC*1*LEFDAHL*JOHN****MI*GA621754901~REF*CE*MEDDHIF000~DTM*232*20240808~SVC*N4:60505615904*-456.77*-179**-21~CAS*CO*90*-70.25**91*2~CAS*CO*3*-209.52~CLP*10353847*1*17201.01*14163.54**13*2422135957841012342~NM1*QC*1*LAWSON*TYRIE****MI*71009649 01~REF*CE*MDR0S24D03~DTM*232*20240808~SVC*N4:00469012599*17201.01*14163.54**120~CAS*CO*90*3035.62**91*1.85**130*-0.34**130*0.34~CLP*10338953*1*18079.20*15669.44**13*2422136509820129448~NM1*QC*1*MITCHELL*SANDRA K****MI*G2C66933201~REF*CE*MDR0S24D03~DTM*232*20240808~SVC*N4:72579001102*18079.20*15669.44**120~CAS*CO*90*2409.96**91*-0.2**130*-0.34**130*0.34~CLP*10357270*1*26798.75*22778.99**13*2422136538093199110~NM1*QC*1*HENRY*HELEN****MI*01172855001~REF*CE*MDR1S100P5~DTM*232*20240808~SVC*N4:00069873030*26798.75*22778.99**30~CAS*CO*90*4019.81**91*-0.05**130*-0.34**130*0.34~CLP*10324994*1*8309.19*6479.77**13*2422136540983712342~NM1*QC*1*MULLALY*LISA C****MI*70109029 01~REF*CE*MDR0S24D03~DTM*232*20240808~SVC*N4:00074055402*8309.19*6479.77**2~CAS*CO*90*1827.57**91*1.85**130*-0.34**130*0.34~CLP*0789517*1*118.10*35.31**13*2422139650793259110~NM1*QC*1*WISE*CAROLINE****MI*GA211840201~REF*CE*MEDDHIF000~DTM*232*20240804~SVC*N4:00641037625*118.10*35.31**28~CAS*CO*90*84.79**91*-2**130*-0.34**130*0.34~CLP*0789517*4*118.10*0**13*2422139650793259110~NM1*QC*1*WISE*CAROLINE****MI*GA211840201~DTM*232*20240804~SVC*N4:00641037625*118.10*0**28~CAS*CO*90*118.10~LQ*RX*88~LQ*RX*569~CLP*10345397*1*8220.32*6787.67**13*2422140012612982342~NM1*QC*1*THOMAS*CHRISTINE****MI*22555378 01~REF*CE*MDR0S24D03~DTM*232*20240808~SVC*N4:00069014501*8220.32*6787.67**60~CAS*CO*90*1430.80**91*1.85**130*-0.34**130*0.34~CLP*10352981*1*19178.87*16302.09**13*2422140136172349110~NM1*QC*1*ILEY*SUSAN****MI*GA143575201~REF*CE*MDR1S100S2~DTM*232*20240808~SVC*N4:00069028403*19178.87*16302.09**21~CAS*CO*90*2876.83**91*-0.05**130*-0.34**130*0.34~CLP*10358365*1*12525.37*9517.72**13*2422147184501022342~NM1*QC*1*SIMS*BENJAMIN****MI*71011600 01~REF*CE*MDE0S24D03~DTM*232*20240808~SVC*N4:50458060901*12525.37*9517.72**2.63~CAS*CO*90*3005.60**91*2.05**130*-0.34**130*0.34~CLP*10358365*22*-12525.37*-9517.72**13*2422147184501022342~NM1*QC*1*SIMS*BENJAMIN****MI*71011600 01~REF*CE*MDE0S24D03~DTM*232*20240808~SVC*N4:50458060901*-12525.37*-9517.72**-2.63~CAS*CO*90*-3005.60**91*-2.05**130*0.34**130*-0.34~CLP*10358365*4*12525.37*0**13*2422147184501022342~NM1*QC*1*SIMS*BENJAMIN****MI*71011600 01~DTM*232*20240808~SVC*N4:50458060901*12525.37*0**2.62~CAS*CO*90*12523.32**91*2.05~LQ*RX*E7~CLP*10358365*4*12525.37*0**13*2422147184501022342~NM1*QC*1*SIMS*BENJAMIN****MI*71011600 01~DTM*232*20240808~SVC*N4:50458060901*12525.37*0**2.62~CAS*CO*90*12523.32**91*2.05~LQ*RX*E7~CLP*10346037*1*8890.75*7086.13**13*2422149390893389448~NM1*QC*1*MCCLAIN*FRANCES****MI*G6C15385001~REF*CE*MDR0S24D03~DTM*232*20240808~SVC*N4:00078063968*8890.75*7086.13**1~CAS*CO*90*1804.82**91*-0.2**130*-0.34**130*0.34~CLP*10348210*1*6812.10*5790.34**13*2422150664120839110~NM1*QC*1*WOOD*JANET****MI*G5Z18678401~REF*CE*MDR1S100P5~DTM*232*20240808~SVC*N4:00310183030*6812.10*5790.34**1~CAS*CO*90*1021.81**91*-0.05**130*-0.34**130*0.34~CLP*10343041*1*8884.25*6928.32**13*2422227948801612342~NM1*QC*1*HEITZENRATER*SUSAN****MI*22926669 01~REF*CE*MDR0S24D03~DTM*232*20240809~SVC*N4:58406003204*8884.25*6928.32**4~CAS*CO*90*1954.08**91*1.85**130*-0.34**130*0.34~CLP*10339578*1*16616.33*12959.34**13*2422228703230072342~NM1*QC*1*KUMP*JENNIFER ANN****MI*70118136 01~REF*CE*MDR0S24D03~DTM*232*20240808~SVC*N4:00074055402*16616.33*12959.34**4~CAS*CO*90*3655.14**91*1.85**130*-0.34**130*0.34~CLP*10350119*1*10932.23*4907.70*12*13*2422228916610339448~NM1*QC*1*SPROWLS*MICHAEL****MI*G2C66450601~REF*CE*MDR0S24D03~DTM*232*20240809~SVC*N4:59651024130*10932.23*4907.70**30~CAS*CO*90*6012.73**91*-0.2**130*-0.34**130*0.34~CAS*PR*3*12~CLP*0462571*4*16614.28*0**13*2422230314971189448~NM1*QC*1*RHOADES*BRAD****MI*GA439145901~DTM*232*20240809~SVC*N4:00074055402*16614.28*0**4~CAS*CO*90*16614.28~LQ*RX*79~CLP*0764126*1*88.58*26.99**13*2422231547203322342~NM1*QC*1*FRANKS MILLER*JULIA****MI*70111388 01~REF*CE*MEDDHIF000~DTM*232*20240806~SVC*N4:00641037625*88.58*26.99**21~CAS*CO*90*63.59**91*-2**130*-0.34**130*0.34~CLP*0764127*1*100.80*16.32**13*2422231576141462342~NM1*QC*1*FRANKS MILLER*JULIA****MI*70111388 01~REF*CE*MEDDHIF000~DTM*232*20240806~SVC*N4:70860077602*100.80*16.32**112~CAS*CO*90*86.48**91*-2**130*-0.34**130*0.34~CLP*0764128*1*295.71*85.41**13*2422231604203252342~NM1*QC*1*FRANKS MILLER*JULIA****MI*70111388 01~REF*CE*MEDDHIF000~DTM*232*20240806~SVC*N4:00409610204*295.71*85.41**112~CAS*CO*90*212.30**91*-2**130*-0.34**130*0.34~CLP*0765673*1*7144.20*2078.56**13*2422231647771742342~NM1*QC*1*FRANKS MILLER*JULIA****MI*70111388 01~REF*CE*MEDDHIF000~DTM*232*20240806~SVC*N4:13533080012*7144.20*2078.56**140~CAS*CO*90*5067.14**91*-1.5**130*-0.34**130*0.34~CLP*0462596*1*12327.30*10478.34**13*2422231974772829357~NM1*QC*1*JENNINGS*THOMAS****MI*GA278310901~REF*CE*MDR1S100S2~DTM*232*20240809~SVC*N4:00069015111*12327.30*10478.34**30~CAS*CO*90*1849.01**91*-0.05~CLP*0462596*22*-12327.30*-10478.34**13*2422231974772829357~NM1*QC*1*JENNINGS*THOMAS****MI*GA278310901~REF*CE*MDR1S100S2~DTM*232*20240809~SVC*N4:00069015111*-12327.30*-10478.34**-30~CAS*CO*90*-1849.01**91*0.05~CLP*10347623*1*12327.40*10478.34**13*2422232264190519357~NM1*QC*1*JENNINGS*THOMAS****MI*GA278310901~REF*CE*MDR1S100S2~DTM*232*20240809~SVC*N4:00069015111*12327.40*10478.34**30~CAS*CO*90*1849.11**91*-0.05**130*-0.34**130*0.34~CLP*10358789*1*47316.57*39176.42**13*2422232265553292342~NM1*QC*1*PATTERSON*KELLY****MI*22967918 01~REF*CE*MDE0S24D03~DTM*232*20240809~SVC*N4:50242015001*47316.57*39176.42**20~CAS*CO*90*8138.10**91*2.05**130*-0.34**130*0.34~CLP*0763272*1*124.11*27.85*9.16*13*2422232391160339110~NM1*QC*1*MIKUS*CATHY****MI*GA618509601~REF*CE*MEDDHIF000~DTM*232*20240805~SVC*N4:00338004904*124.11*27.85**7000~CAS*CO*90*89.10**91*-2**130*-0.34**130*0.34~CAS*PR*3*9.16~CLP*0772532*1*2522.90*64.95*21.53*13*2422232435841489110~NM1*QC*1*MIKUS*CATHY****MI*GA618509601~REF*CE*MEDDHIF000~DTM*232*20240805~SVC*N4:00338004903*2522.90*64.95**10.20~CAS*CO*90*2438.42**91*-2**130*-0.34**130*0.34~CAS*PR*3*21.53~CLP*0462605*1*20580*17134.79*60*13*2422232592880349448~NM1*QC*1*LINNAN*J****MI*G2C67948501~REF*CE*MDR0S24D03~DTM*232*20240809~SVC*N4:50881001060*20580*17134.79**60~CAS*CO*90*3385.41**91*-0.2~CAS*PR*3*60~CLP*0462605*22*-20580*-17134.79**13*2422232592880349448~NM1*QC*1*LINNAN*J****MI*G2C67948501~REF*CE*MDR0S24D03~DTM*232*20240809~SVC*N4:50881001060*-20580*-17134.79**-60~CAS*CO*90*-3385.41**91*0.2~CAS*CO*3*-60~CLP*10341407*1*17201.01*14163.54**13*2422233759723592342~NM1*QC*1*MEANS*ANDREW****MI*22574550 01~REF*CE*MDR0S24D03~DTM*232*20240809~SVC*N4:00469062599*17201.01*14163.54**120~CAS*CO*90*3035.62**91*1.85**130*-0.34**130*0.34~CLP*10343991*1*18441.73*15488.92*30*13*2422234999800649448~NM1*QC*1*GILMORE*ROBERT****MI*GA668412901~REF*CE*MDR0S24D03~DTM*232*20240809~SVC*N4:00310351260*18441.73*15488.92**60~CAS*CO*90*2923.01**91*-0.2**130*-0.34**130*0.34~CAS*PR*3*30~CLP*10358570*4*4565.89*0**13*2422237473410112342~NM1*QC*1*MANFREDO*DALE****MI*71009940 01~DTM*232*20240809~SVC*N4:00024591502*4565.89*0**4~CAS*CO*90*4563.84**91*2.05~LQ*RX*79~CLP*10347577*1*11649*5230.25*12*13*2422240388741749448~NM1*QC*1*VILLELLA*KENNETH****MI*G4C37807001~REF*CE*MDR0S24D03~DTM*232*20240809~SVC*N4:72205003092*11649*5230.25**120~CAS*CO*90*6406.95**91*-0.2**130*-0.34**130*0.34~CAS*PR*3*12~CLP*0462725*1*10932.30*4907.70*12*13*2422242683880859448~NM1*QC*1*HLEBINSKY*JOHN****MI*G2C63442301~REF*CE*MDR0S24D03~DTM*232*20240809~SVC*N4:59651024130*10932.30*4907.70**30~CAS*CO*90*6012.80**91*-0.2~CAS*PR*3*12~CLP*0462725*22*-10932.30*-4907.70**13*2422242683880859448~NM1*QC*1*HLEBINSKY*JOHN****MI*G2C63442301~REF*CE*MDR0S24D03~DTM*232*20240809~SVC*N4:59651024130*-10932.30*-4907.70**-30~CAS*CO*90*-6012.80**91*0.2~CAS*CO*3*-12~CLP*10358358*1*10932.23*4907.70*12*13*2422243419560949448~NM1*QC*1*HLEBINSKY*JOHN****MI*G2C63442301~REF*CE*MDR0S24D03~DTM*232*20240809~SVC*N4:59651024130*10932.23*4907.70**30~CAS*CO*90*6012.73**91*-0.2**130*-0.34**130*0.34~CAS*PR*3*12~CLP*0001234*1*84*73.08**13*2422249662992089110~NM1*QC*1*WENSELL*WILLIAM****MI*G4C76131401~REF*CE*MEDDHIF000~DTM*232*20240809~SVC*N4:25021012250*84*73.08**7~CAS*CO*90*12.92**91*-2~CLP*0001234*22*-84*-73.08**13*2422249662992089110~NM1*QC*1*WENSELL*WILLIAM****MI*G4C76131401~REF*CE*MEDDHIF000~DTM*232*20240809~SVC*N4:25021012250*-84*-73.08**-7~CAS*CO*90*-12.92**91*2~CLP*10360471*1*20580*17134.79*60*13*2422256849722729448~NM1*QC*1*LINNAN*J****MI*G2C67948501~REF*CE*MDR0S24D03~DTM*232*20240809~SVC*N4:50881001060*20580*17134.79**60~CAS*CO*90*3385.41**91*-0.2**130*-0.34**130*0.34~CAS*PR*3*60~CLP*0001234*1*148.68*64.08*63.73*13*2422438092482429110~NM1*QC*1*JONES*WILLIAM****MI*GA279480401~REF*CE*MEDDHIF000~DTM*232*20240811~SVC*N4:63323050830*148.68*64.08**21~CAS*CO*90*22.87**91*-2~CAS*PR*3*63.73~CLP*0001234*22*-148.68*-64.08**13*2422438092482429110~NM1*QC*1*JONES*WILLIAM****MI*GA279480401~REF*CE*MEDDHIF000~DTM*232*20240811~SVC*N4:63323050830*-148.68*-64.08**-21~CAS*CO*90*-22.87**91*2~CAS*CO*3*-63.73~CLP*10358570*1*4565.89*3560**13*2422527474810212342~NM1*QC*1*MANFREDO*DALE****MI*71009940 01~REF*CE*MDR0S24D03~DTM*232*20240812~SVC*N4:00024591502*4565.89*3560**4~CAS*CO*90*1004.04**91*1.85**130*-0.34**130*0.34~CLP*0462926*1*10932.30*4907.70*12*13*2422529419523229448~NM1*QC*1*ONEILL*TERRENCE****MI*G5C30857401~REF*CE*MDR0S24D03~DTM*232*20240812~SVC*N4:59651024130*10932.30*4907.70**30~CAS*CO*90*6012.80**91*-0.2~CAS*PR*3*12~CLP*0462926*22*-10932.30*-4907.70**13*2422529419523229448~NM1*QC*1*ONEILL*TERRENCE****MI*G5C30857401~REF*CE*MDR0S24D03~DTM*232*20240812~SVC*N4:59651024130*-10932.30*-4907.70**-30~CAS*CO*90*-6012.80**91*0.2~CAS*CO*3*-12~CLP*0462933*1*10112.40*8646.52**13*2422529535120969448~NM1*QC*1*KOLENO*EDITH****MI*G2C63934901~REF*CE*MDR0S24D03~DTM*232*20240812~SVC*N4:00310067960*10112.40*8646.52**60~CAS*CO*90*1466.08**91*-0.2~CLP*0462933*22*-10112.40*-8646.52**13*2422529535120969448~NM1*QC*1*KOLENO*EDITH****MI*G2C63934901~REF*CE*MDR0S24D03~DTM*232*20240812~SVC*N4:00310067960*-10112.40*-8646.52**-60~CAS*CO*90*-1466.08**91*0.2~CLP*10336011*1*13559.40*11752.13**13*2422529870240679448~NM1*QC*1*LAIDACKER*JAMES****MI*G2C65753101~REF*CE*MDR0S24D03~DTM*232*20240812~SVC*N4:72579001102*13559.40*11752.13**90~CAS*CO*90*1807.47**91*-0.2**130*-0.34**130*0.34~CLP*0462948*4*24921.54*0**13*2422530123203449448~NM1*QC*1*CREASY*GEORGE****MI*G2C68242201~DTM*232*20240812~SVC*N4:00074012403*24921.54*0**3~CAS*CO*90*24921.54~LQ*RX*75~LQ*RX*569~CLP*10355931*1*10932.23*4907.70*12*13*2422530229361539448~NM1*QC*1*ONEILL*TERRENCE****MI*G5C30857401~REF*CE*MDR0S24D03~DTM*232*20240812~SVC*N4:59651024130*10932.23*4907.70**30~CAS*CO*90*6012.73**91*-0.2**130*-0.34**130*0.34~CAS*PR*3*12~CLP*0791549*1*536.13*149.22**13*2422531159960439110~NM1*QC*1*ISHERWOOD*ARCHIE****MI*GA359539601~REF*CE*MEDDHIF000~DTM*232*20240807~SVC*N4:63323072910*536.13*149.22**3~CAS*CO*90*388.91**91*-2**130*-0.34**130*0.34~CLP*0776899*1*18.57*5.52*1.72*13*2422531197833639487~NM1*QC*1*BOYLE*MARY****MI*G0241776201~REF*CE*MEDDHIF000~DTM*232*20240806~SVC*N4:00338011704*18.57*5.52**1000~CAS*CO*90*13.33**91*-2**130*-0.34**130*0.34~CAS*PR*3*1.72~CLP*10349874*1*8882.20*7026.02**13*2422531320602867117~NM1*QC*1*ECKENRODE*EVA****MI*00396381901~REF*CE*MDR0S24D03~DTM*232*20240812~SVC*N4:58406003204*8882.20*7026.02**4~CAS*CO*90*1856.38**91*-0.2**130*-0.34**130*0.34~CLP*0788056*1*329.16*47.60*47.25*13*2422531323371649110~NM1*QC*1*KOMEN*NICHOLAS****MI*GA620333701~REF*CE*MEDDHIF000~DTM*232*20240807~SVC*N4:60505614205*329.16*47.60**42~CAS*CO*90*236.31**91*-2**130*-0.34**130*0.34~CAS*PR*3*47.25~CLP*0788645*1*72.91*0.34*22.22*13*2422531408013589110~NM1*QC*1*BIBLE*RICHARD****MI*GA088662701~REF*CE*MEDDHIF000~DTM*232*20240806~SVC*N4:00409733503*72.91*0.34**7~CAS*CO*90*52.35**91*-2**130*-0.34**130*0.34~CAS*PR*3*22.22~CLP*0791126*4*839.49*0**13*2422531439461179110~NM1*QC*1*BIZON*MARCIA****MI*GA051018801~DTM*232*20240806~SVC*N4:60505614904*839.49*0**3~CAS*CO*90*839.49~LQ*RX*79~CLP*0791380*1*1728*367.15*122.26*13*2422531464301199448~NM1*QC*1*RAHUBA*STEPHEN****MI*G7C04597301~REF*CE*MEDDHIF000~DTM*232*20240807~SVC*N4:70594003401*1728*367.15**8~CAS*CO*90*1240.59**91*-2**130*-0.34**130*0.34~CAS*PR*3*122.26~CLP*10348003*1*11649*5230.25*12*13*2422531560741349448~NM1*QC*1*MARTIN*JAMES****MI*G2C64202501~REF*CE*MDR0S24D03~DTM*232*20240812~SVC*N4:72205003092*11649*5230.25**120~CAS*CO*90*6406.95**91*-0.2**130*-0.34**130*0.34~CAS*PR*3*12~CLP*10317224*1*10112.65*8646.52**13*2422532465012359448~NM1*QC*1*KOLENO*EDITH****MI*G2C63934901~REF*CE*MDR0S24D03~DTM*232*20240812~SVC*N4:00310067960*10112.65*8646.52**60~CAS*CO*90*1466.33**91*-0.2**130*-0.34**130*0.34~CLP*10327543*1*6814.15*5776.86**13*2422533698633062342~NM1*QC*1*PHILLIPS*NANCY****MI*70157158 01~REF*CE*MDR0S24D03~DTM*232*20240812~SVC*N4:00310183030*6814.15*5776.86**1~CAS*CO*90*1035.44**91*1.85**130*-0.34**130*0.34~CLP*10358127*1*11649*5237.25*5*13*2422534003832899487~NM1*QC*1*LESHOCK*JACK****MI*G0240703401~REF*CE*MDR0S24D03~DTM*232*20240812~SVC*N4:72205003092*11649*5237.25**120~CAS*CO*90*6406.95**91*-0.2**130*-0.34**130*0.34~CAS*PR*3*5~CLP*0791126*1*839.49*0.34*14.66*13*2422534603881069110~NM1*QC*1*BIZON*MARCIA****MI*GA051018801~REF*CE*MEDDHIF000~DTM*232*20240807~SVC*N4:60505614904*839.49*0.34**3~CAS*CO*90*826.49**91*-2**130*-0.34**130*0.34~CAS*PR*3*14.66~CLP*10354328*1*8882.20*7306.36**13*2422535853860839110~NM1*QC*1*JOHNSON*TAMMY****MI*GA515655901~REF*CE*MDR0S100P3~DTM*232*20240812~SVC*N4:58406003204*8882.20*7306.36**4~CAS*CO*90*1576.59**91*-0.75**130*-0.34**130*0.34~CLP*10355686*1*21897.65*17078.77**13*2422535957302282342~NM1*QC*1*DURANT*LOUIS****MI*71003187 01~REF*CE*MDR0S24D03~DTM*232*20240812~SVC*N4:00003085222*21897.65*17078.77**30~CAS*CO*90*4817.03**91*1.85**130*-0.34**130*0.34~CLP*10339075*1*4563.84*3651.57**13*2422537765671599544~NM1*QC*1*MONTGOMERY*GLORIA****MI*G7C52760401~REF*CE*MDR0S0022C~DTM*232*20240812~SVC*N4:00024591502*4563.84*3651.57**4~CAS*CO*90*912.77**91*-0.5**130*-0.34**130*0.34~CLP*10322616*1*11649*2307.72**13*2422538611830099110~NM1*QC*1*STUBBS*RODNEY****MI*G0C19074001~REF*CE*MDR1S100P5~DTM*232*20240812~SVC*N4:72205003092*11649*2307.72**120~CAS*CO*90*9341.33**91*-0.05**130*-0.34**130*0.34~CLP*10327278*1*26798.75*22540.63**13*24225393961136023EJ~NM1*QC*1*KOZAK*BILL****MI*GA563958801~REF*CE*MDR0S24D03~DTM*232*20240812~SVC*N4:00069873030*26798.75*22540.63**30~CAS*CO*90*4258.32**91*-0.2**130*-0.34**130*0.34~CLP*0123456*1*576*489.41**13*2422540673582512342~NM1*QC*1*RIVERA*MARITZA****MI*70083108 01~REF*CE*MEDDHIF000~DTM*232*20240812~SVC*N4:70594003401*576*489.41**8~CAS*CO*90*88.59**91*-2~CLP*0123456*22*-576*-489.41**13*2422540673582512342~NM1*QC*1*RIVERA*MARITZA****MI*70083108 01~REF*CE*MEDDHIF000~DTM*232*20240812~SVC*N4:70594003401*-576*-489.41**-8~CAS*CO*90*-88.59**91*2~CLP*0123456*1*1847.41*1565.28**13*2422540673582512342~NM1*QC*1*RIVERA*MARITZA****MI*70083108 01~REF*CE*MEDDHIF000~DTM*232*20240812~SVC*N4:63323040220*1847.41*1565.28**21~CAS*CO*90*284.13**91*-2~CLP*0123456*22*-1847.41*-1565.28**13*2422540673582512342~NM1*QC*1*RIVERA*MARITZA****MI*70083108 01~REF*CE*MEDDHIF000~DTM*232*20240812~SVC*N4:63323040220*-1847.41*-1565.28**-21~CAS*CO*90*-284.13**91*2~CLP*10355612*1*25220.83*20681.13**13*2422541596741249110~NM1*QC*1*SWEENEY*SHEILA****MI*54646822801~REF*CE*MDR1S100P5~DTM*232*20240812~SVC*N4:00074210001*25220.83*20681.13**1~CAS*CO*90*4539.75**91*-0.05**130*-0.34**130*0.34~CLP*0463193*4*1661.95*0**13*2422542383673229448~NM1*QC*1*SWYKA*RONALD****MI*G6C61093101~DTM*232*20240812~SVC*N4:50242021501*1661.95*0**1~CAS*CO*90*1661.95~LQ*RX*75~LQ*RX*569~CLP*10331730*1*4565.89*3560**13*2422542489681352342~NM1*QC*1*BREHM*AMMI****MI*70156032 01~REF*CE*MDR0S24D03~DTM*232*20240812~SVC*N4:00024591502*4565.89*3560**4~CAS*CO*90*1004.04**91*1.85**130*-0.34**130*0.34~CLP*10340337*1*4563.84*3607.58*30*13*2422542822211229448~NM1*QC*1*SOBROWSKI*JAMES****MI*GA174947801~REF*CE*MDR0S24D03~DTM*232*20240812~SVC*N4:00024591401*4563.84*3607.58**4~CAS*CO*90*926.46**91*-0.2**130*-0.34**130*0.34~CAS*PR*3*30~CLP*10358021*1*18079.20*14824.99**13*2422542864440399110~NM1*QC*1*MURPHEY*HARLEY A****MI*G2C87787501~REF*CE*MDR1S100P5~DTM*232*20240812~SVC*N4:72579001102*18079.20*14824.99**120~CAS*CO*90*3254.26**91*-0.05**130*-0.34**130*0.34~CLP*0463245*1*21075.30*17281.51**13*2422546825893469110~NM1*QC*1*MASSUCCI*DAVID****MI*G7C60286601~REF*CE*MDR1S100P5~DTM*232*20240812~SVC*N4:57962014009*21075.30*17281.51**90~CAS*CO*90*3793.84**91*-0.05~CLP*0463245*22*-21075.30*-17281.51**13*2422546825893469110~NM1*QC*1*MASSUCCI*DAVID****MI*G7C60286601~REF*CE*MDR1S100P5~DTM*232*20240812~SVC*N4:57962014009*-21075.30*-17281.51**-90~CAS*CO*90*-3793.84**91*0.05~CLP*10309784*1*4565.89*3560**13*2422547056060832342~NM1*QC*1*JOHNSON*NICOLE****MI*70119777 01~REF*CE*MDR0S24D03~DTM*232*20240812~SVC*N4:00024591401*4565.89*3560**4~CAS*CO*90*1004.04**91*1.85**130*-0.34**130*0.34~CLP*10360455*1*21074.95*17281.51**13*2422547203211289110~NM1*QC*1*MASSUCCI*DAVID****MI*G7C60286601~REF*CE*MDR1S100P5~DTM*232*20240812~SVC*N4:57962014009*21074.95*17281.51**90~CAS*CO*90*3793.49**91*-0.05**130*-0.34**130*0.34~CLP*0001234*4*8601.60*0**13*2422547645473359110~NM1*QC*1*MURIN*KATHLEEN****MI*G4Z16969601~DTM*232*20240812~SVC*N4:00069024901*8601.60*0**10~CAS*CO*90*8601.60~LQ*RX*70~LQ*RX*MR~LQ*RX*569~CLP*0001234*1*504*368.48*60*13*2422547645473359448~NM1*QC*1*SHROYER*THOMAS****MI*G8A00214201~REF*CE*MEDDHIF000~DTM*232*20240812~SVC*N4:70594003401*504*368.48**7~CAS*CO*90*77.52**91*-2~CAS*PR*3*60~CLP*0001234*22*-504*-368.48**13*2422547645473359448~NM1*QC*1*SHROYER*THOMAS****MI*G8A00214201~REF*CE*MEDDHIF000~DTM*232*20240812~SVC*N4:70594003401*-504*-368.48**-7~CAS*CO*90*-77.52**91*2~CAS*CO*3*-60~CLP*0001234*1*109.72*82.85*12*13*2422547645473359448~NM1*QC*1*SHROYER*THOMAS****MI*G8A00214201~REF*CE*MEDDHIF000~DTM*232*20240812~SVC*N4:60505614205*109.72*82.85**42~CAS*CO*90*16.87**91*-2~CAS*PR*3*12~CLP*0001234*22*-109.72*-82.85**13*2422547645473359448~NM1*QC*1*SHROYER*THOMAS****MI*G8A00214201~REF*CE*MEDDHIF000~DTM*232*20240812~SVC*N4:60505614205*-109.72*-82.85**-42~CAS*CO*90*-16.87**91*2~CAS*CO*3*-12~CLP*0001234*1*615.80*511.09*12*13*2422547645473359448~NM1*QC*1*ALGERI*DONALD****MI*G2C63976701~REF*CE*MEDDHIF000~DTM*232*20240812~SVC*N4:63323040220*615.80*511.09**7~CAS*CO*90*94.71**91*-2~CAS*PR*3*12~CLP*0001234*22*-615.80*-511.09**13*2422547645473359448~NM1*QC*1*ALGERI*DONALD****MI*G2C63976701~REF*CE*MEDDHIF000~DTM*232*20240812~SVC*N4:63323040220*-615.80*-511.09**-7~CAS*CO*90*-94.71**91*2~CAS*CO*3*-12~CLP*10358365*1*12525.37*9517.72**13*2422548302010632342~NM1*QC*1*SIMS*BENJAMIN****MI*71011600 01~REF*CE*MDE0S24D03~DTM*232*20240812~SVC*N4:50458060901*12525.37*9517.72**2.63~CAS*CO*90*3005.60**91*2.05**130*-0.34**130*0.34~CLP*10358365*4*12525.37*0**13*2422548302010632342~NM1*QC*1*SIMS*BENJAMIN****MI*71011600 01~DTM*232*20240812~SVC*N4:50458060901*12525.37*0**2.62~CAS*CO*90*12523.32**91*2.05~LQ*RX*E7~CLP*10358365*4*12525.37*0**13*2422548302010632342~NM1*QC*1*SIMS*BENJAMIN****MI*71011600 01~DTM*232*20240812~SVC*N4:50458060901*12525.37*0**2.62~CAS*CO*90*12523.32**91*2.05~LQ*RX*E7~CLP*10358365*1*12525.37*9517.72**13*2422548302010632342~NM1*QC*1*SIMS*BENJAMIN****MI*71011600 01~REF*CE*MDE0S24D03~DTM*232*20240812~SVC*N4:50458060901*12525.37*9517.72**2.63~CAS*CO*90*3005.60**91*2.05~CLP*10358365*22*-12525.37*-9517.72**13*2422548302010632342~NM1*QC*1*SIMS*BENJAMIN****MI*71011600 01~REF*CE*MDE0S24D03~DTM*232*20240812~SVC*N4:50458060901*-12525.37*-9517.72**-2.63~CAS*CO*90*-3005.60**91*-2.05~CLP*10358365*1*12525.37*9517.72**13*2422548302010632342~NM1*QC*1*SIMS*BENJAMIN****MI*71011600 01~REF*CE*MDE0S24D03~DTM*232*20240812~SVC*N4:50458060901*12525.37*9517.72**2.63~CAS*CO*90*3005.60**91*2.05~CLP*10358365*22*-12525.37*-9517.72**13*2422548302010632342~NM1*QC*1*SIMS*BENJAMIN****MI*71011600 01~REF*CE*MDE0S24D03~DTM*232*20240812~SVC*N4:50458060901*-12525.37*-9517.72**-2.63~CAS*CO*90*-3005.60**91*-2.05~CLP*10358365*4*12525.37*0**13*2422548302010632342~NM1*QC*1*SIMS*BENJAMIN****MI*71011600 01~DTM*232*20240812~SVC*N4:50458060901*12525.37*0**2.62~CAS*CO*90*12523.32**91*2.05~LQ*RX*E7~CLP*10331947*1*9039.60*7412.52**13*2422548847621269110~NM1*QC*1*MILLER*FRANK****MI*G8C78374701~REF*CE*MDR1S100P5~DTM*232*20240812~SVC*N4:72579001102*9039.60*7412.52**60~CAS*CO*90*1627.13**91*-0.05**130*-0.34**130*0.34~CLP*10345291*1*20580*17194.79**13*2422551325030699448~NM1*QC*1*POTE*DONNA****MI*G2C67121301~REF*CE*MDR0S24D03~DTM*232*20240812~SVC*N4:50881000560*20580*17194.79**60~CAS*CO*90*3385.41**91*-0.2**130*-0.34**130*0.34~CLP*10351101*1*17201.01*14163.54**13*2422553877612592342~NM1*QC*1*LOCKETT*SIMON****MI*70153068 01~REF*CE*MDR0S24D03~DTM*232*20240812~SVC*N4:00469012599*17201.01*14163.54**120~CAS*CO*90*3035.62**91*1.85**130*-0.34**130*0.34~CLP*10356251*1*9103.69*4095.94**13*2422554376800302342~NM1*QC*1*SAVAGE*JASMINI****MI*70102084 01~REF*CE*MDR0S24D03~DTM*232*20240812~SVC*N4:59651024090*9103.69*4095.94**90~CAS*CO*90*5005.90**91*1.85**130*-0.34**130*0.34~CLP*10339388*1*2912.25*1298.71*12*13*2422555793911189448~NM1*QC*1*HASSETT*JAMES****MI*G5C39990301~REF*CE*MDR0S24D03~DTM*232*20240812~SVC*N4:72205003092*2912.25*1298.71**30~CAS*CO*90*1601.74**91*-0.2**130*-0.34**130*0.34~CAS*PR*3*12~CLP*0463339*1*17201.05*14163.54**13*2422556599002102342~NM1*QC*1*ETHRIDGE*GARRY****MI*71006249 01~REF*CE*MDR0S24D03~DTM*232*20240812~SVC*N4:00469072560*17201.05*14163.54**60~CAS*CO*90*3035.66**91*1.85~CLP*0463339*22*-17201.05*-14163.54**13*2422556599002102342~NM1*QC*1*ETHRIDGE*GARRY****MI*71006249 01~REF*CE*MDR0S24D03~DTM*232*20240812~SVC*N4:00469072560*-17201.05*-14163.54**-60~CAS*CO*90*-3035.66**91*-1.85~CLP*10334055*1*9127.68*7484.75**13*2422556731281129110~NM1*QC*1*BOSTON*JEFFREY****MI*G0159502801~REF*CE*MDR1S100P5~DTM*232*20240812~SVC*N4:00024591502*9127.68*7484.75**8~CAS*CO*90*1642.98**91*-0.05**130*-0.34**130*0.34~CLP*0463351*1*6998.40*5577.92**13*2422625057900579448~NM1*QC*1*WILLIAMS*PAULA****MI*G2C63752501~REF*CE*MDR0S24D03~DTM*232*20240813~SVC*N4:68546032512*6998.40*5577.92**12~CAS*CO*90*1420.68**91*-0.2~CLP*0463351*22*-6998.40*-5577.92**13*2422625057900579448~NM1*QC*1*WILLIAMS*PAULA****MI*G2C63752501~REF*CE*MDR0S24D03~DTM*232*20240813~SVC*N4:68546032512*-6998.40*-5577.92**-12~CAS*CO*90*-1420.68**91*0.2~CLP*10326696*1*17201.01*14163.54**13*2422626960133442342~NM1*QC*1*ETHRIDGE*GARRY****MI*71006249 01~REF*CE*MDR0S24D03~DTM*232*20240813~SVC*N4:00469072560*17201.01*14163.54**60~CAS*CO*90*3035.62**91*1.85**130*-0.34**130*0.34~CLP*10354840*1*9830.74*8744.64**13*2422628928060439448~NM1*QC*1*MASSING*BONNIE****MI*G2C65488401~REF*CE*MDR0S24D03~DTM*232*20240813~SVC*N4:73625011211*9830.74*8744.64**30~CAS*CO*90*1086.30**91*-0.2**130*-0.34**130*0.34~CLP*10355644*1*10112.65*8595.80**13*2422629559592629110~NM1*QC*1*BERGER*JOAN****MI*30981700901~REF*CE*MDR1S100P5~DTM*232*20240813~SVC*N4:00310067960*10112.65*8595.80**60~CAS*CO*90*1516.90**91*-0.05**130*-0.34**130*0.34~CLP*10355922*1*16291.33*13922.65**13*2422629668931082342~NM1*QC*1*SMITH*DAVID****MI*70067339 01~REF*CE*MDR0S24D03~DTM*232*20240813~SVC*N4:50419039501*16291.33*13922.65**120~CAS*CO*90*2366.83**91*1.85**130*-0.34**130*0.34~CLP*0463427*1*24654.60*20956.63**13*2422630076331569110~NM1*QC*1*GUCKERT*RAYMOND****MI*GA454665001~REF*CE*MDR1S100S2~DTM*232*20240813~SVC*N4:00069014501*24654.60*20956.63**180~CAS*CO*90*3698.02**91*-0.05~CLP*0463427*22*-24654.60*-20956.63**13*2422630076331569110~NM1*QC*1*GUCKERT*RAYMOND****MI*GA454665001~REF*CE*MDR1S100S2~DTM*232*20240813~SVC*N4:00069014501*-24654.60*-20956.63**-180~CAS*CO*90*-3698.02**91*0.05~CLP*10324789*1*673.79*550.34*4.60*13*2422630594511749110~NM1*QC*1*WOOD*ELAINE****MI*GA666137201~REF*CE*MDR0S100P3~DTM*232*20240813~SVC*N4:72511076002*673.79*550.34**2~CAS*CO*90*119.60**91*-0.75**130*-0.34**130*0.34~CAS*PR*3*4.60~CLP*10357384*1*33228.56*26483.36**13*2422634114673709448~NM1*QC*1*BUNNELL*RITA****MI*GA022607801~REF*CE*MDR0S24D03~DTM*232*20240807~SVC*N4:00074055402*33228.56*26483.36**8~CAS*CO*90*6745.40**91*-0.2**130*-0.34**130*0.34~CLP*0463490*1*1228.45*932.06**13*2422634722482332342~NM1*QC*1*TAYLOR*RUTH****MI*22550164 01~REF*CE*MDE0S24D03~DTM*232*20240813~SVC*N4:00259161001*1228.45*932.06**2~CAS*CO*90*294.34**91*2.05~CLP*0463490*22*-1228.45*-932.06**13*2422634722482332342~NM1*QC*1*TAYLOR*RUTH****MI*22550164 01~REF*CE*MDE0S24D03~DTM*232*20240813~SVC*N4:00259161001*-1228.45*-932.06**-2~CAS*CO*90*-294.34**91*-2.05~CLP*0791804*1*1531.46*490.78**13*2422636676562432342~NM1*QC*1*KAPA*BARBARA****MI*70148336 01~REF*CE*MEDDHIF000~DTM*232*20240807~SVC*N4:63323081100*1531.46*490.78**360~CAS*CO*90*1102.68**91*-62**130*-0.34**130*0.34~CLP*0463522*4*6940.80*0**13*2422636693400209448~NM1*QC*1*PEREZ*HELENE****MI*G2C64293601~DTM*232*20240813~SVC*N4:00069100101*6940.80*0**60~CAS*CO*90*6940.80~LQ*RX*79~CLP*0791804*1*3549.76*1062.47**13*2422636704650652342~NM1*QC*1*KAPA*BARBARA****MI*70148336 01~REF*CE*MEDDHIF000~DTM*232*20240809~SVC*N4:63323081100*3549.76*1062.47**2~CAS*CO*90*2549.29**91*-62**130*-0.34**130*0.34~CLP*0789696*1*72.45*72.45**13*2422636732102812342~NM1*QC*1*LILLY*RICHARD****MI*70055268 01~REF*CE*MEDDHIF000~DTM*232*20240806~SVC*N4:60505614205*72.45*72.45**6~CAS*CO*90*51.37**91*-51.37**130*-0.34**130*0.34~CLP*0791221*1*205.31*84.07**13*2422636767382572342~NM1*QC*1*ENGLEBERGER*JENNIFER****MI*71009947 01~REF*CE*MEDDHIF000~DTM*232*20240805~SVC*N4:00338004904*205.31*84.07**5~CAS*CO*90*183.24**91*-62**130*-0.34**130*0.34~CLP*0791868*1*53.19*17**13*2422636796240012342~NM1*QC*1*ELLISON*MAJOR****MI*70086491 01~REF*CE*MEDDHIF000~DTM*232*20240807~SVC*N4:00338004904*53.19*17**3000~CAS*CO*90*38.19**91*-2**130*-0.34**130*0.34~CLP*0791909*1*100.86*80.08**13*2422636828181662342~NM1*QC*1*DEJESUS*SUSANA****MI*22679445 01~REF*CE*MEDDHIF000~DTM*232*20240808~SVC*N4:63323011768*100.86*80.08**71.40~CAS*CO*90*82.78**91*-62**130*-0.34**130*0.34~CLP*0791550*1*186.54*91.79**13*2422636855710872342~NM1*QC*1*SOKOL*ANDREA****MI*70091145 01~REF*CE*MEDDHIF000~DTM*232*20240808~SVC*N4:63323011768*186.54*91.79**194~CAS*CO*90*156.75**91*-62**130*-0.34**130*0.34~CLP*0791126*4*1113.41*0**13*2422637332910279110~NM1*QC*1*BIZON*MARCIA****MI*GA051018801~DTM*232*20240808~SVC*N4:60505614904*1113.41*0**4~CAS*CO*90*1113.41~LQ*RX*79~CLP*0792050*1*173.97*0.34*49.48*13*2422637385210459110~NM1*QC*1*AHMED*SAJJAD****MI*G5C36696301~REF*CE*MEDDHIF000~DTM*232*20240808~SVC*N4:00409733503*173.97*0.34**15~CAS*CO*90*126.15**91*-2**130*-0.34**130*0.34~CAS*PR*3*49.48~CLP*0463568*4*2270.39*0**13*2422640009590202342~NM1*QC*1*TAYLOR*RUTH****MI*22550164 01~DTM*232*20240813~SVC*N4:66794015702*2270.39*0**40~CAS*CO*90*2268.34**91*2.05~LQ*RX*79~CLP*0791126*1*1113.41*0.34*18.99*13*2422640191392869110~NM1*QC*1*BIZON*MARCIA****MI*GA051018801~REF*CE*MEDDHIF000~DTM*232*20240809~SVC*N4:60505614904*1113.41*0.34**4~CAS*CO*90*1096.08**91*-2**130*-0.34**130*0.34~CAS*PR*3*18.99~CLP*0463572*1*2145.39*1628.94**13*2422640311523392342~NM1*QC*1*WALLACE*JENNIFER****MI*70146107 01~REF*CE*MDE0S24D03~DTM*232*20240813~SVC*N4:55513071001*2145.39*1628.94**1~CAS*CO*90*514.40**91*2.05~CLP*0463572*22*-2145.39*-1628.94**13*2422640311523392342~NM1*QC*1*WALLACE*JENNIFER****MI*70146107 01~REF*CE*MDE0S24D03~DTM*232*20240813~SVC*N4:55513071001*-2145.39*-1628.94**-1~CAS*CO*90*-514.40**91*-2.05~CLP*10318738*1*4565.89*3560**13*2422640378141002342~NM1*QC*1*GRAFFIUS*DEBORAH****MI*22551271 01~REF*CE*MDR0S24D03~DTM*232*20240813~SVC*N4:00024591502*4565.89*3560**4~CAS*CO*90*1004.04**91*1.85**130*-0.34**130*0.34~CLP*10330082*1*7024.98*5760.53**13*2422640392100489110~NM1*QC*1*STINER*HARRY****MI*G5Z17719801~REF*CE*MDR1S100P5~DTM*232*20240813~SVC*N4:57962014009*7024.98*5760.53**30~CAS*CO*90*1264.50**91*-0.05**130*-0.34**130*0.34~CLP*0123456*4*403.20*0**13*2422642340703682342~NM1*QC*1*KIESSLING*TERRY****MI*70151151 01~DTM*232*20240813~SVC*N4:63323072910*403.20*0**7~CAS*CO*90*403.20~LQ*RX*70~LQ*RX*MR~LQ*RX*569~CLP*0123456*1*408.80*347.93**13*2422642340703682342~NM1*QC*1*KIESSLING*TERRY****MI*70151151 01~REF*CE*MEDDHIF000~DTM*232*20240813~SVC*N4:55150011720*408.80*347.93**28~CAS*CO*90*62.87**91*-2~CLP*0123456*22*-408.80*-347.93**13*2422642340703682342~NM1*QC*1*KIESSLING*TERRY****MI*70151151 01~REF*CE*MEDDHIF000~DTM*232*20240813~SVC*N4:55150011720*-408.80*-347.93**-28~CAS*CO*90*-62.87**91*2~CLP*0123456*4*1570.80*0**13*2422642340703682342~NM1*QC*1*KIESSLING*TERRY****MI*70151151 01~DTM*232*20240813~SVC*N4:00469321110*1570.80*0**7~CAS*CO*90*1570.80~LQ*RX*70~LQ*RX*MR~LQ*RX*569~CLP*0123456*4*1256.64*0**13*2422642340703682342~NM1*QC*1*KIESSLING*TERRY****MI*70151151 01~DTM*232*20240813~SVC*N4:00143936201*1256.64*0**7~CAS*CO*90*1256.64~LQ*RX*70~LQ*RX*MR~LQ*RX*569~CLP*0463631*4*4563.84*0**13*2422644965213149110~NM1*QC*1*MUSSELMAN*GALEN****MI*GA597875901~DTM*232*20240813~SVC*N4:00024591502*4563.84*0**4~CAS*CO*90*4563.84~LQ*RX*75~LQ*RX*569~CLP*0463634*4*4228.12*0**13*2422645213641619110~NM1*QC*1*DELLASALLA*DAVID****MI*GA684329201~DTM*232*20240813~SVC*N4:00078081181*4228.12*0**1~CAS*CO*90*4228.12~LQ*RX*79~CLP*0463634*4*4228.12*0**13*2422645213641619110~NM1*QC*1*DELLASALLA*DAVID****MI*GA684329201~DTM*232*20240813~SVC*N4:00078081181*4228.12*0**1~CAS*CO*90*4228.12~LQ*RX*79~CLP*0001234*1*403.20*343.19**13*2422645432400249110~NM1*QC*1*COX*JAMES****MI*G7D04942001~REF*CE*MEDDHIF000~DTM*232*20240813~SVC*N4:63323072910*403.20*343.19**7~CAS*CO*90*62.01**91*-2~CLP*0001234*22*-403.20*-343.19**13*2422645432400249110~NM1*QC*1*COX*JAMES****MI*G7D04942001~REF*CE*MEDDHIF000~DTM*232*20240813~SVC*N4:63323072910*-403.20*-343.19**-7~CAS*CO*90*-62.01**91*2~CLP*10361008*1*6998.40*5577.92**13*2422645620943059448~NM1*QC*1*WILLIAMS*PAULA****MI*G2C63752501~REF*CE*MDR0S24D03~DTM*232*20240813~SVC*N4:68546032512*6998.40*5577.92**12~CAS*CO*90*1420.68**91*-0.2~CLP*10361008*22*-6998.40*-5577.92**13*2422645620943059448~NM1*QC*1*WILLIAMS*PAULA****MI*G2C63752501~REF*CE*MDR0S24D03~DTM*232*20240813~SVC*N4:68546032512*-6998.40*-5577.92**-12~CAS*CO*90*-1420.68**91*0.2~CLP*10339278*1*8298.86*6647.59**13*2422647456892719490~NM1*QC*1*RAWSKI*DOROTHY****MI*G6C28140501~REF*CE*MDR0S24D03~DTM*232*20240813~SVC*N4:00002144511*8298.86*6647.59**1~CAS*CO*90*1651.47**91*-0.2**130*-0.34**130*0.34~CLP*0463697*1*25222.88*19167.83**13*2422651338613192342~NM1*QC*1*REED*VICKI****MI*71004760 01~REF*CE*MDE0S24D03~DTM*232*20240813~SVC*N4:00074210001*25222.88*19167.83**1~CAS*CO*90*6053**91*2.05~CLP*0463697*22*-25222.88*-19167.83**13*2422651338613192342~NM1*QC*1*REED*VICKI****MI*71004760 01~REF*CE*MDE0S24D03~DTM*232*20240813~SVC*N4:00074210001*-25222.88*-19167.83**-1~CAS*CO*90*-6053**91*-2.05~CLP*0463705*1*4563.84*3607.58*30*13*2422651578942989448~NM1*QC*1*GREENE*RICKY****MI*G7C29650901~REF*CE*MDR0S24D03~DTM*232*20240813~SVC*N4:00024591502*4563.84*3607.58**4~CAS*CO*90*926.46**91*-0.2~CAS*PR*3*30~CLP*0463705*22*-4563.84*-3607.58**13*2422651578942989448~NM1*QC*1*GREENE*RICKY****MI*G7C29650901~REF*CE*MDR0S24D03~DTM*232*20240813~SVC*N4:00024591502*-4563.84*-3607.58**-4~CAS*CO*90*-926.46**91*0.2~CAS*CO*3*-30~CLP*0463707*4*6589.20*0**13*2422651839000509448~NM1*QC*1*KOPPENHAVER*LINDA****MI*G5C30843501~DTM*232*20240813~SVC*N4:68546017160*6589.20*0**60~CAS*CO*90*6589.20~LQ*RX*79~CLP*0463711*1*1228.45*932.06**13*2422652084763472342~NM1*QC*1*TAYLOR*RUTH****MI*22550164 01~REF*CE*MDE0S24D03~DTM*232*20240813~SVC*N4:00259161001*1228.45*932.06**2~CAS*CO*90*294.34**91*2.05~CLP*0463711*22*-1228.45*-932.06**13*2422652084763472342~NM1*QC*1*TAYLOR*RUTH****MI*22550164 01~REF*CE*MDE0S24D03~DTM*232*20240813~SVC*N4:00259161001*-1228.45*-932.06**-2~CAS*CO*90*-294.34**91*-2.05~CLP*10324692*1*4565.89*3560**13*2422652627221242342~NM1*QC*1*GILLILAND*JULIE****MI*71005621 01~REF*CE*MDR0S24D03~DTM*232*20240813~SVC*N4:00024591502*4565.89*3560**4~CAS*CO*90*1004.04**91*1.85**130*-0.34**130*0.34~CLP*10349591*1*4563.84*3742.40**13*2422652880691069110~NM1*QC*1*GRANT*LINDA****MI*G9C25375801~REF*CE*MDR1S100P5~DTM*232*20240813~SVC*N4:00024591401*4563.84*3742.40**4~CAS*CO*90*821.49**91*-0.05**130*-0.34**130*0.34~CLP*10322801*1*4563.84*3651.57**13*2422652889961179544~NM1*QC*1*MCNAIRN*ROY****MI*G7C52112701~REF*CE*MDR0S0022C~DTM*232*20240813~SVC*N4:00024591502*4563.84*3651.57**4~CAS*CO*90*912.77**91*-0.5**130*-0.34**130*0.34~CLP*10358772*1*36120.74*29619.07**13*2422655556500379110~NM1*QC*1*FIKE*LYNDA****MI*C0004365701~REF*CE*MDR1S100P5~DTM*232*20240813~SVC*N4:00069013501*36120.74*29619.07**180~CAS*CO*90*6501.72**91*-0.05**130*-0.34**130*0.34~CLP*0457691*4*26646.60*0**13*2420635747594538313~NM1*QC*1*BOYD*ROBERT****MI*547M5483110~DTM*232*20240724~SVC*N4:58406003204*26646.60*0**4~CAS*CO*90*26646.60**130*-0.15**130*0.15~LQ*RX*R6~LQ*RX*75~CLP*0462710*4*55460.72*0**13*2422241327014788407~NM1*QC*1*SCHRAND*RITA****MI*425W0307501~DTM*232*20240809~SVC*N4:00002533754*55460.72*0**56~CAS*CO*90*55460.72~LQ*RX*79~CLP*0462746*1*55460.72*15307.34**13*2422245693464198407~NM1*QC*1*SCHRAND*RITA****MI*425W0307501~REF*CE*MDR0S24D01~DTM*232*20240809~SVC*N4:00002533754*55460.72*15307.34**56~CAS*CO*90*40153.58**91*-0.2~CLP*0462746*22*-55460.72*-15307.34**13*2422245693464198407~NM1*QC*1*SCHRAND*RITA****MI*425W0307501~REF*CE*MDR0S24D01~DTM*232*20240809~SVC*N4:00002533754*-55460.72*-15307.34**-56~CAS*CO*90*-40153.58**91*0.2~CLP*0462771*1*55460.72*15307.34**13*2422248684454458407~NM1*QC*1*SCHRAND*RITA****MI*425W0307501~REF*CE*MDR0S24D01~DTM*232*20240809~SVC*N4:00002533754*55460.72*15307.34**56~CAS*CO*90*40153.58**91*-0.2~CLP*0462771*22*-55460.72*-15307.34**13*2422248684454458407~NM1*QC*1*SCHRAND*RITA****MI*425W0307501~REF*CE*MDR0S24D01~DTM*232*20240809~SVC*N4:00002533754*-55460.72*-15307.34**-56~CAS*CO*90*-40153.58**91*0.2~CLP*10360262*1*55460.72*15307.34**13*2422249171584768407~NM1*QC*1*SCHRAND*RITA****MI*425W0307501~REF*CE*MDR0S24D01~DTM*232*20240809~SVC*N4:00002533754*55460.72*15307.34**56~CAS*CO*90*40153.58**91*-0.2**130*-0.34**130*0.34~CLP*10330434*4*25220.83*0**13*240744544714826771J~NM1*QC*1*BRINK*SHAWNEA****MI*10174054400~DTM*232*20240305~SVC*N4:00074210001*25220.83*0**1~CAS*CO*90*25220.83~LQ*RX*81~LQ*RX*569~CLP*10356695*1*2877.65*1343.18**13*242052545146824771S~NM1*QC*1*LANGSDORF*ETHEL****MI*10133691800~REF*CE*MDR1S100S2~DTM*232*20240723~SVC*N4:16729005054*2877.65*1343.18**10~CAS*CO*90*1534.52**91*-0.05**130*-0.32**130*0.32~CLP*10356696*1*2014.34*987.03**13*242052545212814771S~NM1*QC*1*LANGSDORF*ETHEL****MI*10133691800~REF*CE*MDR1S100S2~DTM*232*20240723~SVC*N4:16729012954*2014.34*987.03**5~CAS*CO*90*1027.36**91*-0.05**130*-0.32**130*0.32~CLP*0458247*4*4563.84*0**13*2420753347618537704~NM1*QC*1*MILLS*MEAGAN****MI*W2878281101~DTM*232*20240725~SVC*N4:00024591502*4563.84*0**4~CAS*CO*90*4563.84**130*-0.32**130*0.32~LQ*RX*R6~LQ*RX*75~CLP*10331599*1*33411.42*27415.78*15*13*2420827709378207704~NM1*QC*1*KUNKEL*JESSICA****MI*W2234411203~NM1*IL*1*KUNKEL*JESSICA****MI*W22344112903~REF*CE*SP+A0+1201~DTM*232*20240726~SVC*N4:57894006103*33411.42*27415.78**1~CAS*CO*90*5980.64**130*-0.32**130*0.32~CAS*PR*3*15~CLP*0458373*4*18441.60*0**13*2420830489838127704~NM1*QC*1*GILL*ROBERT****MI*W2429649602~NM1*IL*1*GILL*ROBERT****MI*W24296496602~DTM*232*20240726~SVC*N4:00310351260*18441.60*0**60~CAS*CO*90*18441.60**130*-0.32**130*0.32~LQ*RX*75~CLP*0458444*1*18441.60*14500.19*78.10*13*2420835748428237704~NM1*QC*1*GILL*ROBERT****MI*W2429649602~NM1*IL*1*GILL*ROBERT****MI*W24296496602~REF*CE*CNTRCT1001~DTM*232*20240726~SVC*N4:00310351260*18441.60*14500.19**60~CAS*CO*90*3863.41**91*-0.1**130*-0.32**130*0.32~CAS*PR*3*78.10~CLP*0458444*22*-18441.60*-14500.19**13*2420835748428237704~NM1*QC*1*GILL*ROBERT****MI*W2429649602~NM1*IL*1*GILL*ROBERT****MI*W24296496602~REF*CE*CNTRCT1001~DTM*232*20240726~SVC*N4:00310351260*-18441.60*-14500.19**-60~CAS*CO*90*-3863.41**91*0.1**130*-0.32**130*0.32~CAS*CO*3*-78.10~CLP*0458516*4*4563.84*0**13*2420841943408047700~NM1*QC*1*SULLIVAN*JOEL****MI*W2809652704~NM1*IL*1*SULLIVAN*MARKUS****MI*W28096527904~DTM*232*20240726~SVC*N4:00024591401*4563.84*0**4~CAS*CO*90*4563.84**130*-0.32**130*0.32~LQ*RX*09~LQ*RX*06~CLP*0458546*4*7717.50*0**13*242084546953813~NM1*QC*1*ANDREW*JAKOB****MI*W27155184~DTM*232*20240726~SVC*N4:00074231030*7717.50*0**30~CAS*CO*90*7717.50**130*-0.32**130*0.32~LQ*RX*52~LQ*RX*06~CLP*0458548*4*7717.50*0**13*242084550346814~NM1*QC*1*ANDREW*JAKOB****MI*W27155184~DTM*232*20240726~SVC*N4:00074231030*7717.50*0**30~CAS*CO*90*7717.50**130*-0.32**130*0.32~LQ*RX*52~LQ*RX*06~CLP*0458557*4*7717.50*0**13*242084593240805~NM1*QC*1*ANDREW*JAKOB****MI*W27155184~DTM*232*20240726~SVC*N4:00074231030*7717.50*0**30~CAS*CO*90*7717.50**130*-0.32**130*0.32~LQ*RX*52~LQ*RX*06~CLP*0458558*4*7717.50*0**13*242084595908848~NM1*QC*1*ANDREW*JAKOB****MI*W27155184~DTM*232*20240726~SVC*N4:00074231030*7717.50*0**30~CAS*CO*90*7717.50**130*-0.32**130*0.32~LQ*RX*52~LQ*RX*06~CLP*0458564*4*7717.50*0**13*242084632887801~NM1*QC*1*ANDREW*JAKOB****MI*W27155184~NM1*IL*1*NOT ON FILE*NOT ON FILE****MI*W271551844~DTM*232*20240726~SVC*N4:00074231030*7717.50*0**30~CAS*CO*90*7717.50**130*-0.32**130*0.32~LQ*RX*52~LQ*RX*06~CLP*0459145*4*11214.90*0**13*2421154123098387704~NM1*QC*1*BADGER WOJCIECH*JOY****MI*W2868179601~DTM*232*20240729~SVC*N4:58468021004*11214.90*0**30~CAS*CO*90*11214.90**130*-0.32**130*0.32~LQ*RX*R6~LQ*RX*70~LQ*RX*MR~CLP*10358950*22*-17198.96*-14619.17**13*242144646809826771M~NM1*QC*1*FANCHER*MATTHEW****MI*10171501500~REF*CE*MDR1S100S2~DTM*232*20240801~SVC*N4:00469062599*-17198.96*-14619.17**-120~CAS*CO*90*-2579.84**91*0.05**130*0.34**130*-0.34~CLP*10359279*22*-7717.45*-6328.36**13*242183091717866771M~NM1*QC*1*WITTKOPP*MICHAEL****MI*10188165000~REF*CE*MDR1S100S2~DTM*232*20240805~SVC*N4:00074231030*-7717.45*-6328.36**-30~CAS*CO*90*-1389.14**91*0.05**130*0.34**130*-0.34~CLP*10359339*22*-2143.34*-1318.28**13*242183092842816771M~NM1*QC*1*HITESHEW*NANCY****MI*10132609300~REF*CE*MDE1S100S2~DTM*232*20240805~SVC*N4:55513071001*-2143.34*-1318.28**-1~CAS*CO*90*-385.80**91*0.05**130*0.34**130*-0.34~CAS*CO*3*-439.31~CLP*10359529*22*-2143.34*-1657.59**13*242192443156861771J~NM1*QC*1*BROKAW*FRANCES****MI*10148046900~REF*CE*MDE1S100S2~DTM*232*20240806~SVC*N4:55513071001*-2143.34*-1657.59**-1~CAS*CO*90*-385.80**91*0.05**130*0.34**130*-0.34~CAS*CO*3*-100~CLP*10359679*22*-7551.68*-6192.43**13*242194008515821771J~NM1*QC*1*BALL*RUTH****MI*10108080400~REF*CE*MDR1S100S2~DTM*232*20240806~SVC*N4:00469052002*-7551.68*-6192.43**-56~CAS*CO*90*-1359.30**91*0.05**130*0.34**130*-0.34~CLP*0791279*1*1264.36*348.63*10*13*242202809472851771M~NM1*QC*1*WEISEN*GLORIA****MI*10124906100~REF*CE*MEDDHIF000~DTM*232*20240802~SVC*N4:60505619604*1264.36*348.63**3~CAS*CO*90*907.73**91*-2**130*-0.34**130*0.34~CAS*PR*3*10~CLP*0461737*1*10399.90*8527.97**13*242202835951839771J~NM1*QC*1*CHABOT*ROBERT****MI*10203449400~REF*CE*MDE1S100S2~DTM*232*20240807~SVC*N4:64764030020*10399.90*8527.97**1~CAS*CO*90*1871.98**91*-0.05~CLP*0461737*22*-10399.90*-8527.97**13*242202835951839771J~NM1*QC*1*CHABOT*ROBERT****MI*10203449400~REF*CE*MDE1S100S2~DTM*232*20240807~SVC*N4:64764030020*-10399.90*-8527.97**-1~CAS*CO*90*-1871.98**91*0.05~CLP*0461743*1*2143.34*1757.59**13*242202860576853771J~NM1*QC*1*THOMPSON*ROSE****MI*10146096100~REF*CE*MDE1S100S2~DTM*232*20240807~SVC*N4:55513071001*2143.34*1757.59**1~CAS*CO*90*385.80**91*-0.05~CLP*0461743*22*-2143.34*-1757.59**13*242202860576853771J~NM1*QC*1*THOMPSON*ROSE****MI*10146096100~REF*CE*MDE1S100S2~DTM*232*20240807~SVC*N4:55513071001*-2143.34*-1757.59**-1~CAS*CO*90*-385.80**91*0.05~CLP*0461756*4*1298.25*0**13*242202954187802771M~NM1*QC*1*KENT*TIMOTHY****MI*10199621500~DTM*232*20240807~SVC*N4:55566410001*1298.25*0**6~CAS*CO*90*1298.25~LQ*RX*75~LQ*RX*569~CLP*10359885*1*20580*14169.27*3323.78*13*242203437969854771J~NM1*QC*1*SMITH*RICHARD****MI*10113350300~REF*CE*MDR1S100S2~DTM*232*20240807~SVC*N4:50881001060*20580*14169.27**60~CAS*CO*90*3087**91*-0.05**130*-0.34**130*0.34~CAS*PR*3*3323.78~CLP*0461795*1*14817.90*12595.32**13*242203591082810771J~NM1*QC*1*MATTOCKS*BARBARA****MI*10108766800~REF*CE*MDR1S100S2~DTM*232*20240807~SVC*N4:71369002030*14817.90*12595.32**30~CAS*CO*90*2222.63**91*-0.05~CLP*0461795*22*-14817.90*-12595.32**13*242203591082810771J~NM1*QC*1*MATTOCKS*BARBARA****MI*10108766800~REF*CE*MDR1S100S2~DTM*232*20240807~SVC*N4:71369002030*-14817.90*-12595.32**-30~CAS*CO*90*-2222.63**91*0.05~CLP*0461831*4*26798.70*0**13*242203847354843771J~NM1*QC*1*MCGRAIL*JAMES****MI*10106685000~DTM*232*20240807~SVC*N4:00069873030*26798.70*0**30~CAS*CO*90*26798.70~LQ*RX*70~LQ*RX*MR~LQ*RX*569~CLP*10343762*1*8298.86*6805.12**13*242203897476854771J~NM1*QC*1*KATSIADAS*PAUL****MI*10191703300~REF*CE*MDR1S100S2~DTM*232*20240807~SVC*N4:00002144511*8298.86*6805.12**1~CAS*CO*90*1493.79**91*-0.05**130*-0.34**130*0.34~CLP*10355330*1*5343.05*4541.64**13*242203897548823771J~NM1*QC*1*KELLER*RICKY****MI*10113688900~REF*CE*MDR1S100S2~DTM*232*20240807~SVC*N4:55513012301*5343.05*4541.64**1.91~CAS*CO*90*801.46**91*-0.05**130*-0.34**130*0.34~CLP*10348448*1*9039.60*7412.52**13*242203899016859771J~NM1*QC*1*ALEXANDER*JANINE C****MI*10109053900~REF*CE*MDR1S100S2~DTM*232*20240807~SVC*N4:72579001102*9039.60*7412.52**60~CAS*CO*90*1627.13**91*-0.05**130*-0.34**130*0.34~CLP*0461841*1*19178.88*16302.09**13*242203932789829771M~NM1*QC*1*MATHIS*CAROL****MI*10118063400~REF*CE*MDR1S100S2~DTM*232*20240807~SVC*N4:00069018821*19178.88*16302.09**21~CAS*CO*90*2876.84**91*-0.05~CLP*0461841*22*-19178.88*-16302.09**13*242203932789829771M~NM1*QC*1*MATHIS*CAROL****MI*10118063400~REF*CE*MDR1S100S2~DTM*232*20240807~SVC*N4:00069018821*-19178.88*-16302.09**-21~CAS*CO*90*-2876.84**91*0.05~CLP*10340529*1*19178.87*16302.09**13*242203966626851771J~NM1*QC*1*WYLAND*ALICE****MI*10178102600~REF*CE*MDR1S100S2~DTM*232*20240807~SVC*N4:00069048603*19178.87*16302.09**21~CAS*CO*90*2876.83**91*-0.05**130*-0.34**130*0.34~CLP*0461850*4*8333.36*0**13*242204028278862771J~NM1*QC*1*PASULA*CRYSTAL****MI*10202238000~DTM*232*20240807~SVC*N4:69238131804*8333.36*0**56~CAS*CO*90*8333.36~LQ*RX*79~CLP*10326675*1*16614.28*13623.76**13*242204045847845771J~NM1*QC*1*ALEXANDER*RONALD****MI*10156892300~REF*CE*MDR1S100S2~DTM*232*20240807~SVC*N4:00074055402*16614.28*13623.76**4~CAS*CO*90*2990.57**91*-0.05**130*-0.34**130*0.34~CLP*0461856*4*8882.20*0**13*242204056323828771J~NM1*QC*1*DAVIS*ROBERT****MI*10202562200~DTM*232*20240807~SVC*N4:58406004404*8882.20*0**4~CAS*CO*90*8882.20~LQ*RX*79~CLP*10346926*1*8890.75*7290.47**13*242204096722804771J~NM1*QC*1*PEACOCK*ROBERT****MI*10106731800~REF*CE*MDR1S100S2~DTM*232*20240807~SVC*N4:00078063968*8890.75*7290.47**1~CAS*CO*90*1600.33**91*-0.05**130*-0.34**130*0.34~CLP*0461865*1*11649.60*2303.22*4.50*13*242204131040864771J~NM1*QC*1*KLINGENSMITH*ROGER****MI*10154934500~REF*CE*MDR1S100S2~DTM*232*20240807~SVC*N4:72205003092*11649.60*2303.22**120~CAS*CO*90*9341.93**91*-0.05~CAS*PR*3*4.50~CLP*0461865*22*-11649.60*-2303.22**13*242204131040864771J~NM1*QC*1*KLINGENSMITH*ROGER****MI*10154934500~REF*CE*MDR1S100S2~DTM*232*20240807~SVC*N4:72205003092*-11649.60*-2303.22**-120~CAS*CO*90*-9341.93**91*0.05~CAS*CO*3*-4.50~CLP*10359819*1*14817.96*12595.32**13*242204246277830771J~NM1*QC*1*MATTOCKS*BARBARA****MI*10108766800~REF*CE*MDR1S100S2~DTM*232*20240807~SVC*N4:71369002030*14817.96*12595.32**30~CAS*CO*90*2222.69**91*-0.05**130*-0.34**130*0.34~CLP*0461884*4*3200.40*0**13*242204298714860771J~NM1*QC*1*LAFE*SANDRA****MI*10107315900~DTM*232*20240807~SVC*N4:70539000102*3200.40*0**1.56~CAS*CO*90*3200.40~LQ*RX*79~CLP*10346568*1*8307.14*6811.90**13*242204496402812771J~NM1*QC*1*KING*JUDITH L****MI*10180032000~REF*CE*MDR1S100S2~DTM*232*20240807~SVC*N4:00074055402*8307.14*6811.90**2~CAS*CO*90*1495.29**91*-0.05**130*-0.34**130*0.34~CLP*0461905*1*33894*26708.74*2101.21*13*242204509084829771J~NM1*QC*1*DECKER*CARRIE****MI*10178607700~REF*CE*MDR1S100S2~DTM*232*20240807~SVC*N4:81864010130*33894*26708.74**30~CAS*CO*90*5084.10**91*-0.05~CAS*PR*3*2101.21~CLP*0461905*22*-33894*-26708.74**13*242204509084829771J~NM1*QC*1*DECKER*CARRIE****MI*10178607700~REF*CE*MDR1S100S2~DTM*232*20240807~SVC*N4:81864010130*-33894*-26708.74**-30~CAS*CO*90*-5084.10**91*0.05~CAS*CO*3*-2101.21~CLP*10359946*1*11649*2303.22*4.50*13*242204599972820771J~NM1*QC*1*KLINGENSMITH*ROGER****MI*10154934500~REF*CE*MDR1S100S2~DTM*232*20240807~SVC*N4:72205003092*11649*2303.22**120~CAS*CO*90*9341.33**91*-0.05**130*-0.34**130*0.34~CAS*PR*3*4.50~CLP*10324794*1*33411.42*27397.41**13*242204645460843771J~NM1*QC*1*MISTICK*CHRISTINE****MI*10180550700~REF*CE*MDE1S100S2~DTM*232*20240807~SVC*N4:57894006103*33411.42*27397.41**1~CAS*CO*90*6014.06**91*-0.05**130*-0.34**130*0.34~CLP*10336393*1*26798.75*22778.99**13*242204733981839771J~NM1*QC*1*KLINEFELTER*THOMAS****MI*10106309400~REF*CE*MDR1S100S2~DTM*232*20240807~SVC*N4:00069873030*26798.75*22778.99**30~CAS*CO*90*4019.81**91*-0.05**130*-0.34**130*0.34~CLP*0461955*4*2143.34*0**13*242204877345836771J~NM1*QC*1*KULKA*SANDRA****MI*10105712500~DTM*232*20240807~SVC*N4:55513071001*2143.34*0**1~CAS*CO*90*2143.34~LQ*RX*76~LQ*RX*569~CLP*0461963*1*8882.20*5060.30*2223.15*13*242204933240853771J~NM1*QC*1*SHLYAKHOVSKAYA*TATYANA****MI*10109435900~REF*CE*MDR1S100S2~DTM*232*20240807~SVC*N4:58406003204*8882.20*5060.30**4~CAS*CO*90*1598.80**91*-0.05~CAS*PR*3*2223.15~CLP*0461963*22*-8882.20*-5060.30**13*242204933240853771J~NM1*QC*1*SHLYAKHOVSKAYA*TATYANA****MI*10109435900~REF*CE*MDR1S100S2~DTM*232*20240807~SVC*N4:58406003204*-8882.20*-5060.30**-4~CAS*CO*90*-1598.80**91*0.05~CAS*CO*3*-2223.15~CLP*10359989*1*33894*26708.74*2101.21*13*242205192802859771J~NM1*QC*1*DECKER*CARRIE****MI*10178607700~REF*CE*MDR1S100S2~DTM*232*20240807~SVC*N4:81864010130*33894*26708.74**30~CAS*CO*90*5084.10**91*-0.05**130*-0.34**130*0.34~CAS*PR*3*2101.21~CLP*10346942*1*8882.20*7283.45**13*242205206144834771J~NM1*QC*1*POINDEXTER*MICHAEL E****MI*10193600700~REF*CE*MDR1S100S2~DTM*232*20240807~SVC*N4:58406003204*8882.20*7283.45**4~CAS*CO*90*1598.80**91*-0.05**130*-0.34**130*0.34~CLP*0462003*4*600*0**13*242205211807847771J~NM1*QC*1*BOWER*SUSANN****MI*10177854000~DTM*232*20240807~SVC*N4:55513067001*600*0**1~CAS*CO*90*600~LQ*RX*70~LQ*RX*MR~LQ*RX*569~CLP*0462004*1*8307.14*6811.90**13*242205225924863771M~NM1*QC*1*WIEST*CHERYL****MI*10176386100~REF*CE*MDR1S100S2~DTM*232*20240807~SVC*N4:00074055402*8307.14*6811.90**2~CAS*CO*90*1495.29**91*-0.05~CLP*0462004*22*-8307.14*-6811.90**13*242205225924863771M~NM1*QC*1*WIEST*CHERYL****MI*10176386100~REF*CE*MDR1S100S2~DTM*232*20240807~SVC*N4:00074055402*-8307.14*-6811.90**-2~CAS*CO*90*-1495.29**91*0.05~CLP*10345497*1*6940.73*5691.45**13*242205266457836771J~NM1*QC*1*WELLS*ANDREW****MI*10119758100~REF*CE*MDR1S100S2~DTM*232*20240807~SVC*N4:00069050130*6940.73*5691.45**30~CAS*CO*90*1249.33**91*-0.05**130*-0.34**130*0.34~CLP*10357288*1*10482.70*8595.86**13*242205266817839771J~NM1*QC*1*BAGLEY*CYNTHIA A****MI*10178702200~REF*CE*MDR1S100S2~DTM*232*20240807~SVC*N4:00078100768*10482.70*8595.86**0.40~CAS*CO*90*1886.89**91*-0.05**130*-0.34**130*0.34~CLP*10328899*1*3200.40*2624.38**13*242205267588856771J~NM1*QC*1*SYLVANIA*ROBERT****MI*10199556500~REF*CE*MDR1S100S2~DTM*232*20240807~SVC*N4:70539000102*3200.40*2624.38**1.56~CAS*CO*90*576.07**91*-0.05**130*-0.34**130*0.34~CLP*10359817*1*4563.84*3742.40**13*242212307025863771J~NM1*QC*1*STEINITZ*HUNTER****MI*10153704400~REF*CE*MDR1S100S2~DTM*232*20240808~SVC*N4:00024591401*4563.84*3742.40**4~CAS*CO*90*821.49**91*-0.05**130*-0.34**130*0.34~CLP*10359817*22*-4563.84*-3742.40**13*242212307025863771J~NM1*QC*1*STEINITZ*HUNTER****MI*10153704400~REF*CE*MDR1S100S2~DTM*232*20240808~SVC*N4:00024591401*-4563.84*-3742.40**-4~CAS*CO*90*-821.49**91*0.05**130*0.34**130*-0.34~CLP*10360020*1*8307.14*6811.90**13*242212309469859771M~NM1*QC*1*WIEST*CHERYL****MI*10176386100~REF*CE*MDR1S100S2~DTM*232*20240808~SVC*N4:00074055402*8307.14*6811.90**2~CAS*CO*90*1495.29**91*-0.05**130*-0.34**130*0.34~CLP*10357474*1*25339.28*21527.23*11.20*13*242212338822852771J~NM1*QC*1*ZALUS*CRYSTAL****MI*10159096200~REF*CE*MDR1S100S2~DTM*232*20240808~SVC*N4:55513050450*25339.28*21527.23**90~CAS*CO*90*3800.90**91*-0.05**130*-0.34**130*0.34~CAS*PR*3*11.20~CLP*10355377*1*20540.72*17459.66**13*242212988340870771J~NM1*QC*1*COLLESAR*RITA****MI*10104758700~REF*CE*MDR1S100S2~DTM*232*20240808~SVC*N4:00310135030*20540.72*17459.66**30~CAS*CO*90*3081.11**91*-0.05**130*-0.34**130*0.34~CLP*10357524*1*9039.60*7412.52**13*242212989810830771J~NM1*QC*1*HOWE*J****MI*10106132500~REF*CE*MDR1S100S2~DTM*232*20240808~SVC*N4:72579001102*9039.60*7412.52**60~CAS*CO*90*1627.13**91*-0.05**130*-0.34**130*0.34~CLP*0747760*1*58857.96*17113.47**13*242213073388807771J~NM1*QC*1*LOGUE*TIMOTHY****MI*10154820400~REF*CE*MEDDHIF000~DTM*232*20240801~SVC*N4:57894003001*58857.96*17113.47**14~CAS*CO*90*41745.99**91*-1.5**130*-0.34**130*0.34~CLP*0747761*1*17.73*3.25**13*242213076187841771J~NM1*QC*1*LOGUE*TIMOTHY****MI*10154820400~REF*CE*MEDDHIF000~DTM*232*20240805~SVC*N4:00338004904*17.73*3.25**250~CAS*CO*90*16.48**91*-2**130*-0.34**130*0.34~CLP*0791721*1*380.93*138.62*10*13*242213082074831771M~NM1*QC*1*MOSER*DIXIE****MI*10137882100~REF*CE*MEDDHIF000~DTM*232*20240806~SVC*N4:60505614704*380.93*138.62**250~CAS*CO*90*294.31**91*-62**130*-0.34**130*0.34~CAS*PR*3*10~CLP*0787281*1*1101.24*92.19*91.85*13*242213084513824772V~NM1*QC*1*SMITH*MICHAEL****MI*10128898600~REF*CE*MEDDHIF000~DTM*232*20240730~SVC*N4:63323028420*1101.24*92.19**17.50~CAS*CO*90*979.20**91*-62**130*-0.34**130*0.34~CAS*PR*3*91.85~CLP*0787810*1*1728*328.02*161.39*13*242213086547818771M~NM1*QC*1*RAMO*RENEE****MI*10120717700~REF*CE*MEDDHIF000~DTM*232*20240731~SVC*N4:70594003401*1728*328.02**8~CAS*CO*90*1240.59**91*-2**130*-0.34**130*0.34~CAS*PR*3*161.39~CLP*0787812*1*1937.09*448.39*100*13*242213088663836771M~NM1*QC*1*RAMO*RENEE****MI*10120717700~REF*CE*MEDDHIF000~DTM*232*20240731~SVC*N4:60505614704*1937.09*448.39**16~CAS*CO*90*1390.70**91*-2**130*-0.34**130*0.34~CAS*PR*3*100~CLP*0790114*1*2825.21*754.90*100*13*242213090716854771M~NM1*QC*1*DILLER*ARTHUR****MI*10120003700~REF*CE*MEDDHIF000~DTM*232*20240731~SVC*N4:00409139122*2825.21*754.90**36~CAS*CO*90*2032.31**91*-62**130*-0.34**130*0.34~CAS*PR*3*100~CLP*10358450*1*3004.49*2452.53*11.20*13*242213154893805771J~NM1*QC*1*LEAVENS*NATALIE****MI*10200378700~REF*CE*MDR1S100S2~DTM*232*20240808~SVC*N4:55513088002*3004.49*2452.53**2.34~CAS*CO*90*540.81**91*-0.05**130*-0.34**130*0.34~CAS*PR*3*11.20~CLP*0462159*1*16597.72*13610.18**13*242213161242834771J~NM1*QC*1*SCRIVENS*BARBARA****MI*10201101000~REF*CE*MDR1S100S2~DTM*232*20240808~SVC*N4:00002144511*16597.72*13610.18**2~CAS*CO*90*2987.59**91*-0.05~CLP*0462159*22*-16597.72*-13610.18**13*242213161242834771J~NM1*QC*1*SCRIVENS*BARBARA****MI*10201101000~REF*CE*MDR1S100S2~DTM*232*20240808~SVC*N4:00002144511*-16597.72*-13610.18**-2~CAS*CO*90*-2987.59**91*0.05~CLP*0462166*1*6940.80*3923.60*1767.85*13*242213190839854771J~NM1*QC*1*HAULIK*MICHAEL****MI*10120045301~REF*CE*MDR1S100S2~DTM*232*20240808~SVC*N4:00069050130*6940.80*3923.60**30~CAS*CO*90*1249.40**91*-0.05~CAS*PR*3*1767.85~CLP*0462166*22*-6940.80*-3923.60**13*242213190839854771J~NM1*QC*1*HAULIK*MICHAEL****MI*10120045301~REF*CE*MDR1S100S2~DTM*232*20240808~SVC*N4:00069050130*-6940.80*-3923.60**-30~CAS*CO*90*-1249.40**91*0.05~CAS*CO*3*-1767.85~CLP*0462181*1*22402.24*9047.51**13*242213245336838771J~NM1*QC*1*AURANDT*JANET****MI*10108974700~REF*CE*MDR1S100S2~DTM*232*20240808~SVC*N4:00078056751*22402.24*9047.51**28~CAS*CO*90*13354.78**91*-0.05~CLP*0462181*22*-22402.24*-9047.51**13*242213245336838771J~NM1*QC*1*AURANDT*JANET****MI*10108974700~REF*CE*MDR1S100S2~DTM*232*20240808~SVC*N4:00078056751*-22402.24*-9047.51**-28~CAS*CO*90*-13354.78**91*0.05~CLP*10342890*1*8307.14*6811.90**13*242213291615834771J~NM1*QC*1*REVETTA*CONSTANCE****MI*10195552300~REF*CE*MDR1S100S2~DTM*232*20240808~SVC*N4:00074055402*8307.14*6811.90**2~CAS*CO*90*1495.29**91*-0.05**130*-0.34**130*0.34~CLP*0462195*4*4563.84*0**13*242213335607863771J~NM1*QC*1*DEFRANCESCO*BARBARA****MI*10107200900~DTM*232*20240808~SVC*N4:00024591401*4563.84*0**4~CAS*CO*90*4563.84~LQ*RX*75~LQ*RX*569~CLP*0462207*1*8634.64*7339.48**13*242213424282809771J~NM1*QC*1*ENYEART*JUDITH A****MI*10105164300~REF*CE*MDR1S100S2~DTM*232*20240808~SVC*N4:00074057630*8634.64*7339.48**56~CAS*CO*90*1295.21**91*-0.05~CLP*0462207*22*-8634.64*-7339.48**13*242213424282809771J~NM1*QC*1*ENYEART*JUDITH A****MI*10105164300~REF*CE*MDR1S100S2~DTM*232*20240808~SVC*N4:00074057630*-8634.64*-7339.48**-56~CAS*CO*90*-1295.21**91*0.05~CLP*10354792*1*18486.88*15713.90**13*242213440302813771M~NM1*QC*1*STRICKHOUSER*PHILLIP****MI*10113406100~REF*CE*MDR1S100S2~DTM*232*20240808~SVC*N4:00002533754*18486.88*15713.90**56~CAS*CO*90*2773.03**91*-0.05**130*-0.34**130*0.34~CLP*0462230*1*11649.60*2227.72*80*13*242213548524866771M~NM1*QC*1*HANDRA*DENNIS****MI*10123382900~REF*CE*MDR1S100S2~DTM*232*20240808~SVC*N4:72205003092*11649.60*2227.72**120~CAS*CO*90*9341.93**91*-0.05~CAS*PR*3*80~CLP*0462230*22*-11649.60*-2227.72**13*242213548524866771M~NM1*QC*1*HANDRA*DENNIS****MI*10123382900~REF*CE*MDR1S100S2~DTM*232*20240808~SVC*N4:72205003092*-11649.60*-2227.72**-120~CAS*CO*90*-9341.93**91*0.05~CAS*CO*3*-80~CLP*10355896*1*8634.62*7339.48**13*242213612612812771J~NM1*QC*1*ENYEART*JUDITH A****MI*10105164300~REF*CE*MDR1S100S2~DTM*232*20240808~SVC*N4:00074057630*8634.62*7339.48**56~CAS*CO*90*1295.19**91*-0.05**130*-0.34**130*0.34~CLP*10352333*1*8882.20*7283.45**13*242213645298812771J~NM1*QC*1*FOLTZ*KURT****MI*10161544700~REF*CE*MDR1S100S2~DTM*232*20240808~SVC*N4:58406003204*8882.20*7283.45**4~CAS*CO*90*1598.80**91*-0.05**130*-0.34**130*0.34~CLP*10348705*1*11214.92*9196.28**13*242213649783834771J~NM1*QC*1*VANDERVOLGEN*SARAH****MI*10197704500~REF*CE*MDR1S100S2~DTM*232*20240808~SVC*N4:58468021004*11214.92*9196.28**30~CAS*CO*90*2018.69**91*-0.05**130*-0.34**130*0.34~CLP*10343884*1*9243.44*7856.97**13*242213652835819771J~NM1*QC*1*MCNALLY*CORRENE****MI*10105921800~REF*CE*MDR1S100S2~DTM*232*20240808~SVC*N4:00002481554*9243.44*7856.97**28~CAS*CO*90*1386.52**91*-0.05**130*-0.34**130*0.34~CLP*10357889*1*11649*2227.72*80*13*242213663527810771M~NM1*QC*1*HANDRA*DENNIS****MI*10123382900~REF*CE*MDR1S100S2~DTM*232*20240808~SVC*N4:72205003092*11649*2227.72**120~CAS*CO*90*9341.33**91*-0.05**130*-0.34**130*0.34~CAS*PR*3*80~CLP*0462273*1*8882.20*7283.45**13*242213806391803771J~NM1*QC*1*KOPE*PATTY****MI*10157902600~REF*CE*MDR1S100S2~DTM*232*20240808~SVC*N4:58406003204*8882.20*7283.45**4~CAS*CO*90*1598.80**91*-0.05~CLP*0462273*22*-8882.20*-7283.45**13*242213806391803771J~NM1*QC*1*KOPE*PATTY****MI*10157902600~REF*CE*MDR1S100S2~DTM*232*20240808~SVC*N4:58406003204*-8882.20*-7283.45**-4~CAS*CO*90*-1598.80**91*0.05~CLP*0462276*1*8882.20*7283.45**13*242213816613817771J~NM1*QC*1*KOPE*PATTY****MI*10157902600~REF*CE*MDR1S100S2~DTM*232*20240808~SVC*N4:58406003204*8882.20*7283.45**4~CAS*CO*90*1598.80**91*-0.05~CLP*0462276*22*-8882.20*-7283.45**13*242213816613817771J~NM1*QC*1*KOPE*PATTY****MI*10157902600~REF*CE*MDR1S100S2~DTM*232*20240808~SVC*N4:58406003204*-8882.20*-7283.45**-4~CAS*CO*90*-1598.80**91*0.05~CLP*10304840*1*19178.87*16302.09**13*242213890344821771J~NM1*QC*1*CARDOZA*MIRIAM****MI*10156102600~REF*CE*MDR1S100S2~DTM*232*20240808~SVC*N4:00069048603*19178.87*16302.09**21~CAS*CO*90*2876.83**91*-0.05**130*-0.34**130*0.34~CLP*0462328*1*2985.30*2447.96**13*242214143704824771M~NM1*QC*1*WOLFE*ANGELA****MI*10197776200~REF*CE*MDR1S100S2~DTM*232*20240808~SVC*N4:55513013760*2985.30*2447.96**30~CAS*CO*90*537.39**91*-0.05~CLP*0462328*22*-2985.30*-2447.96**13*242214143704824771M~NM1*QC*1*WOLFE*ANGELA****MI*10197776200~REF*CE*MDR1S100S2~DTM*232*20240808~SVC*N4:55513013760*-2985.30*-2447.96**-30~CAS*CO*90*-537.39**91*0.05~CLP*10322486*1*3920.68*3215.01**13*242214189222829771M~NM1*QC*1*HUSS*CASEY N****MI*10202351200~REF*CE*MDR1S100S2~DTM*232*20240808~SVC*N4:65649030302*3920.68*3215.01**60~CAS*CO*90*705.72**91*-0.05**130*-0.34**130*0.34~CLP*0462349*4*15839.88*0**13*242214405325804771J~NM1*QC*1*WILLIAMS*KAREN****MI*10178418300~DTM*232*20240808~SVC*N4:00074262528*15839.88*0**84~CAS*CO*90*15839.88~LQ*RX*75~LQ*RX*569~CLP*10360185*1*5970.50*4895.86**13*242214551189844771M~NM1*QC*1*WOLFE*ANGELA****MI*10197776200~REF*CE*MDR1S100S2~DTM*232*20240808~SVC*N4:55513013760*5970.50*4895.86**60~CAS*CO*90*1074.69**91*-0.05~CLP*10360185*22*-5970.50*-4895.86**13*242214551189844771M~NM1*QC*1*WOLFE*ANGELA****MI*10197776200~REF*CE*MDR1S100S2~DTM*232*20240808~SVC*N4:55513013760*-5970.50*-4895.86**-60~CAS*CO*90*-1074.69**91*0.05~CLP*0462362*4*20540.70*0**13*242214668870813771M~NM1*QC*1*COHN*ROBERT****MI*10111742800~DTM*232*20240808~SVC*N4:00310134930*20540.70*0**30~CAS*CO*90*20540.70~LQ*RX*79~CLP*10354432*1*9600*7872.05**13*242214747485813771J~NM1*QC*1*DANIELS*DAVID****MI*10106395800~REF*CE*MDR1S100S2~DTM*232*20240808~SVC*N4:72626270101*9600*7872.05**28~CAS*CO*90*1728**91*-0.05**130*-0.34**130*0.34~CLP*10356502*4*20540.72*0**13*242214929992815771M~NM1*QC*1*COHN*ROBERT****MI*10111742800~DTM*232*20240808~SVC*N4:00310134930*20540.72*0**30~CAS*CO*90*20540.72~LQ*RX*79~CLP*10344487*1*33411.42*27397.41**13*242214930534806771J~NM1*QC*1*KAPCSOS*MICHAEL****MI*10171840400~REF*CE*MDE1S100S2~DTM*232*20240808~SVC*N4:57894006103*33411.42*27397.41**1~CAS*CO*90*6014.06**91*-0.05**130*-0.34**130*0.34~CLP*10332354*1*9751.01*6229.28**13*242214939230802771J~NM1*QC*1*MORSE*DOUGLAS****MI*10197480300~REF*CE*MDR1S100S2~DTM*232*20240808~SVC*N4:31722024630*9751.01*6229.28**30~CAS*CO*90*3521.78**91*-0.05**130*-0.34**130*0.34~CLP*10358069*1*19669.96*16129.42**13*242214939332831771J~NM1*QC*1*SMITH*WILLIAM****MI*10106082500~REF*CE*MDR1S100S2~DTM*232*20240808~SVC*N4:57962042028*19669.96*16129.42**28~CAS*CO*90*3540.59**91*-0.05**130*-0.34**130*0.34~CLP*10312259*1*4426.60*3762.66**13*242214939390825771J~NM1*QC*1*MONTGOMERY*JESSICA****MI*10118789100~REF*CE*MDR1S100S2~DTM*232*20240808~SVC*N4:00173089201*4426.60*3762.66**1~CAS*CO*90*663.99**91*-0.05**130*-0.34**130*0.34~CLP*0462404*1*4563.84*2507.53*1234.87*13*242215020639826771J~NM1*QC*1*BARTO*JOANNE****MI*10107314800~REF*CE*MDR1S100S2~DTM*232*20240808~SVC*N4:00024591502*4563.84*2507.53**4~CAS*CO*90*821.49**91*-0.05~CAS*PR*3*1234.87~CLP*0462404*22*-4563.84*-2507.53**13*242215020639826771J~NM1*QC*1*BARTO*JOANNE****MI*10107314800~REF*CE*MDR1S100S2~DTM*232*20240808~SVC*N4:00024591502*-4563.84*-2507.53**-4~CAS*CO*90*-821.49**91*0.05~CAS*CO*3*-1234.87~CLP*10360221*1*8882.20*7283.45**13*242215059026833771J~NM1*QC*1*KOPE*PATTY****MI*10157902600~REF*CE*MDR1S100S2~DTM*232*20240808~SVC*N4:58406003204*8882.20*7283.45**4~CAS*CO*90*1598.80**91*-0.05**130*-0.34**130*0.34~CLP*10359327*1*16647.36*13650.89**13*242215066092860771J~NM1*QC*1*CASSEL*JANA****MI*10173922100~REF*CE*MDE1S100S2~DTM*232*20240808~SVC*N4:57894064011*16647.36*13650.89**1~CAS*CO*90*2996.52**91*-0.05**130*-0.34**130*0.34~CLP*0462420*1*35593.20*30254.58**13*242215172176818771J~NM1*QC*1*HRICZ*CARMELITA****MI*10112468100~REF*CE*MDR1S100S2~DTM*232*20240808~SVC*N4:00006533101*35593.20*30254.58**90~CAS*CO*90*5338.67**91*-0.05~CLP*0462420*22*-35593.20*-30254.58**13*242215172176818771J~NM1*QC*1*HRICZ*CARMELITA****MI*10112468100~REF*CE*MDR1S100S2~DTM*232*20240808~SVC*N4:00006533101*-35593.20*-30254.58**-90~CAS*CO*90*-5338.67**91*0.05~CLP*10360248*1*35593.56*30254.58**13*242215370320817771J~NM1*QC*1*HRICZ*CARMELITA****MI*10112468100~REF*CE*MDR1S100S2~DTM*232*20240808~SVC*N4:00006533101*35593.56*30254.58**90~CAS*CO*90*5339.03**91*-0.05**130*-0.34**130*0.34~CLP*10352058*1*8307.14*6811.90**13*242215407717859771M~NM1*QC*1*DECEDER*JEFF****MI*10152800000~REF*CE*MDR1S100S2~DTM*232*20240808~SVC*N4:00074055402*8307.14*6811.90**2~CAS*CO*90*1495.29**91*-0.05**130*-0.34**130*0.34~CLP*0462475*4*1550.40*0**13*242215756837839771J~NM1*QC*1*CALLOWAY*DESIREE****MI*10204287900~DTM*232*20240808~SVC*N4:00023392102*1550.40*0**1~CAS*CO*90*1550.40~LQ*RX*70~LQ*RX*MR~LQ*RX*569~CLP*10355126*1*8882.20*7283.45**13*242215897251834771J~NM1*QC*1*MECKEL*FRANCES****MI*10197381800~REF*CE*MDR1S100S2~DTM*232*20240808~SVC*N4:58406003204*8882.20*7283.45**4~CAS*CO*90*1598.80**91*-0.05**130*-0.34**130*0.34~CLP*10359033*1*7717.45*6328.36**13*242215897298848771J~NM1*QC*1*CROWDER*LANA****MI*10170728000~REF*CE*MDR1S100S2~DTM*232*20240808~SVC*N4:00074230630*7717.45*6328.36**30~CAS*CO*90*1389.14**91*-0.05**130*-0.34**130*0.34~CLP*10334299*1*8785.68*7204.31**13*242222445230834771M~NM1*QC*1*MESANKO*JOSEPH****MI*10201707300~REF*CE*MDR1S100S2~DTM*232*20240808~SVC*N4:68546047256*8785.68*7204.31**30~CAS*CO*90*1581.42**91*-0.05**130*-0.34**130*0.34~CLP*10334298*1*2928.60*2401.50**13*242222445275833771M~NM1*QC*1*MESANKO*JOSEPH****MI*10201707300~REF*CE*MDR1S100S2~DTM*232*20240808~SVC*N4:68546047056*2928.60*2401.50**30~CAS*CO*90*527.15**91*-0.05**130*-0.34**130*0.34~CLP*0462487*1*10293.90*6229.28**13*242222569469857771J~NM1*QC*1*ARDEJI*SHERRY****MI*10185816500~REF*CE*MDR1S100S2~DTM*232*20240809~SVC*N4:60505447803*10293.90*6229.28**30~CAS*CO*90*4064.67**91*-0.05~CLP*0462487*22*-10293.90*-6229.28**13*242222569469857771J~NM1*QC*1*ARDEJI*SHERRY****MI*10185816500~REF*CE*MDR1S100S2~DTM*232*20240809~SVC*N4:60505447803*-10293.90*-6229.28**-30~CAS*CO*90*-4064.67**91*0.05~CLP*0462490*4*4563.84*0**13*242222612782835771J~NM1*QC*1*DEFRANCESCO*BARBARA****MI*10107200900~DTM*232*20240809~SVC*N4:00024591401*4563.84*0**4~CAS*CO*90*4563.84~LQ*RX*75~LQ*RX*569~CLP*10356502*1*20540.72*17459.66**13*242222655483834771M~NM1*QC*1*COHN*ROBERT****MI*10111742800~REF*CE*MDR1S100S2~DTM*232*20240809~SVC*N4:00310134930*20540.72*17459.66**30~CAS*CO*90*3081.11**91*-0.05**130*-0.34**130*0.34~CLP*0462495*1*8307.14*4706.61*2105.29*13*242222657950802771M~NM1*QC*1*HOFFMAN*ELAINE****MI*10111864800~REF*CE*MDR1S100S2~DTM*232*20240809~SVC*N4:00074055402*8307.14*4706.61**2~CAS*CO*90*1495.29**91*-0.05~CAS*PR*3*2105.29~CLP*0462495*22*-8307.14*-4706.61**13*242222657950802771M~NM1*QC*1*HOFFMAN*ELAINE****MI*10111864800~REF*CE*MDR1S100S2~DTM*232*20240809~SVC*N4:00074055402*-8307.14*-4706.61**-2~CAS*CO*90*-1495.29**91*0.05~CAS*CO*3*-2105.29~CLP*10351220*1*673.79*472.56*80*13*242222869653849771M~NM1*QC*1*MENTEL*GWENDOLYN****MI*10134856800~REF*CE*MDR1S100S2~DTM*232*20240808~SVC*N4:72511076002*673.79*472.56**2~CAS*CO*90*121.28**91*-0.05**130*-0.34**130*0.34~CAS*PR*3*80~CLP*10342440*1*19178.87*16302.09**13*242222870946856771J~NM1*QC*1*DANGLIDIS*ANNA****MI*10186456300~REF*CE*MDR1S100S2~DTM*232*20240809~SVC*N4:00069068803*19178.87*16302.09**21~CAS*CO*90*2876.83**91*-0.05**130*-0.34**130*0.34~CLP*0789670*1*137.65*64.86*21.50*13*242223032375862771J~NM1*QC*1*FOREMSKY*JOHN****MI*10105997500~REF*CE*MEDDHIF000~DTM*232*20240806~SVC*N4:63323001020*137.65*64.86**160~CAS*CO*90*113.29**91*-62**130*-0.34**130*0.34~CAS*PR*3*21.50~CLP*0790645*1*246.69*68.26*22.63*13*242223034934801771J~NM1*QC*1*FOREMSKY*JOHN****MI*10105997500~REF*CE*MEDDHIF000~DTM*232*20240806~SVC*N4:63323028420*246.69*68.26**1000~CAS*CO*90*217.80**91*-62**130*-0.34**130*0.34~CAS*PR*3*22.63~CLP*0790299*1*124.11*37.01**13*242223036917811771M~NM1*QC*1*SCROGGINS*ALISHA****MI*10154347300~REF*CE*MEDDHIF000~DTM*232*20240731~SVC*N4:00338004904*124.11*37.01**7000~CAS*CO*90*89.10**91*-2**130*-0.34**130*0.34~CLP*0790324*4*1917.45*0**13*242223040175865771M~NM1*QC*1*STURGESS*DAVID****MI*10107586000~DTM*232*20240731~SVC*N4:60505614904*1917.45*0**7~CAS*CO*90*1917.45~LQ*RX*79~CLP*10341441*1*10932.23*3120.90**13*242223071288804771J~NM1*QC*1*MCCLAIN*CHERYL****MI*10119992900~REF*CE*MDR1S100S2~DTM*232*20240809~SVC*N4:59651024130*10932.23*3120.90**30~CAS*CO*90*7811.38**91*-0.05**130*-0.34**130*0.34~CLP*10356452*1*10932.23*2340.76*780.14*13*242223149398819771M~NM1*QC*1*BONFILI*SHARON****MI*10108780900~REF*CE*MDR1S100S2~DTM*232*20240809~SVC*N4:59651024130*10932.23*2340.76**30~CAS*CO*90*7811.38**91*-0.05**130*-0.34**130*0.34~CAS*PR*3*780.14~CLP*0462597*1*11050.80*1546.29*761.43*13*242223198434805771M~NM1*QC*1*DECKER*CHARLES****MI*10105532801~REF*CE*MDR1S100S2~DTM*232*20240809~SVC*N4:60505432701*11050.80*1546.29**120~CAS*CO*90*8743.13**91*-0.05~CAS*PR*3*761.43~CLP*0462597*22*-11050.80*-1546.29**13*242223198434805771M~NM1*QC*1*DECKER*CHARLES****MI*10105532801~REF*CE*MDR1S100S2~DTM*232*20240809~SVC*N4:60505432701*-11050.80*-1546.29**-120~CAS*CO*90*-8743.13**91*0.05~CAS*CO*3*-761.43~CLP*0462617*1*5970.60*4895.86**13*242223372489828771M~NM1*QC*1*PEREZ*ALICE****MI*10113563000~REF*CE*MDR1S100S2~DTM*232*20240809~SVC*N4:55513013760*5970.60*4895.86**60~CAS*CO*90*1074.79**91*-0.05~CLP*0462617*22*-5970.60*-4895.86**13*242223372489828771M~NM1*QC*1*PEREZ*ALICE****MI*10113563000~REF*CE*MDR1S100S2~DTM*232*20240809~SVC*N4:55513013760*-5970.60*-4895.86**-60~CAS*CO*90*-1074.79**91*0.05~CLP*10355510*1*5970.50*4895.86**13*242223472821870771M~NM1*QC*1*PEREZ*ALICE****MI*10113563000~REF*CE*MDR1S100S2~DTM*232*20240809~SVC*N4:55513013760*5970.50*4895.86**60~CAS*CO*90*1074.69**91*-0.05**130*-0.34**130*0.34~CLP*0790324*1*1917.45*0.34*30.23*13*242223699814867771M~NM1*QC*1*STURGESS*DAVID****MI*10107586000~REF*CE*MEDDHIF000~DTM*232*20240806~SVC*N4:60505614904*1917.45*0.34**7~CAS*CO*90*1888.88**91*-2**130*-0.34**130*0.34~CAS*PR*3*30.23~CLP*0462724*1*360*0.34*269.71*13*242224267801836771J~NM1*QC*1*MARISA*KATHLEEN****MI*10105015200~REF*CE*MDE1S100S2~DTM*232*20240809~SVC*N4:55111068852*360*0.34**100~CAS*CO*90*90**91*-0.05~CAS*PR*3*269.71~CLP*0462724*22*-360*-0.34**13*242224267801836771J~NM1*QC*1*MARISA*KATHLEEN****MI*10105015200~REF*CE*MDE1S100S2~DTM*232*20240809~SVC*N4:55111068852*-360*-0.34**-100~CAS*CO*90*-90**91*0.05~CAS*CO*3*-269.71~CLP*10333923*1*10932.23*3120.90**13*242224387002860771M~NM1*QC*1*DONNELLY*JOHN****MI*10146486700~REF*CE*MDR1S100S2~DTM*232*20240809~SVC*N4:59651024130*10932.23*3120.90**30~CAS*CO*90*7811.38**91*-0.05**130*-0.34**130*0.34~CLP*10356705*1*16042.21*13635.93**13*242224868081803771J~NM1*QC*1*LINDAU*RICHARD****MI*10109346700~REF*CE*MDR1S100S2~DTM*232*20240809~SVC*N4:50242014001*16042.21*13635.93**28~CAS*CO*90*2406.33**91*-0.05**130*-0.34**130*0.34~CLP*0462809*4*4748.03*0**13*242225245724835771J~NM1*QC*1*DILLON*HELEN****MI*10180196500~DTM*232*20240809~SVC*N4:60505618800*4748.03*0**2.40~CAS*CO*90*4748.03~LQ*RX*70~LQ*RX*MR~LQ*RX*569~CLP*0462814*1*8307.14*5066.62*1745.28*13*242225322928802771J~NM1*QC*1*EHRMAN*SHARON****MI*10145730700~REF*CE*MDR1S100S2~DTM*232*20240809~SVC*N4:00074024302*8307.14*5066.62**2~CAS*CO*90*1495.29**91*-0.05~CAS*PR*3*1745.28~CLP*0462814*22*-8307.14*-5066.62**13*242225322928802771J~NM1*QC*1*EHRMAN*SHARON****MI*10145730700~REF*CE*MDR1S100S2~DTM*232*20240809~SVC*N4:00074024302*-8307.14*-5066.62**-2~CAS*CO*90*-1495.29**91*0.05~CAS*CO*3*-1745.28~CLP*0462815*4*25220.83*0**13*242225350638847771J~NM1*QC*1*LEWIS*PAULA****MI*10154409400~DTM*232*20240809~SVC*N4:00074105001*25220.83*0**1~CAS*CO*90*25220.83~LQ*RX*79~CLP*0462825*1*8298.86*6805.12**13*242225452201859771M~NM1*QC*1*KELLY*NANCY****MI*10193462900~REF*CE*MDR1S100S2~DTM*232*20240809~SVC*N4:00002144511*8298.86*6805.12**1~CAS*CO*90*1493.79**91*-0.05~CLP*0462825*22*-8298.86*-6805.12**13*242225452201859771M~NM1*QC*1*KELLY*NANCY****MI*10193462900~REF*CE*MDR1S100S2~DTM*232*20240809~SVC*N4:00002144511*-8298.86*-6805.12**-1~CAS*CO*90*-1493.79**91*0.05~CLP*10337919*1*6940.73*5691.45**13*242225684912829771J~NM1*QC*1*COBLENTZ*KIMBERLY****MI*10161919200~REF*CE*MDR1S100S2~DTM*232*20240809~SVC*N4:00069050130*6940.73*5691.45**30~CAS*CO*90*1249.33**91*-0.05**130*-0.34**130*0.34~CLP*0462845*1*3200.40*2386.45*237.93*13*242225873445837771J~NM1*QC*1*LAFE*SANDRA****MI*10107315900~REF*CE*MDR1S100S2~DTM*232*20240809~SVC*N4:70539000102*3200.40*2386.45**1.56~CAS*CO*90*576.07**91*-0.05~CAS*PR*3*237.93~CLP*0462845*22*-3200.40*-2386.45**13*242225873445837771J~NM1*QC*1*LAFE*SANDRA****MI*10107315900~REF*CE*MDR1S100S2~DTM*232*20240809~SVC*N4:70539000102*-3200.40*-2386.45**-1.56~CAS*CO*90*-576.07**91*0.05~CAS*CO*3*-237.93~CLP*0462859*1*4563.84*3742.40**13*242246491304834772V~NM1*QC*1*LOXTERMAN*DANIEL****MI*10176671400~REF*CE*MDR1S100S2~DTM*232*20240811~SVC*N4:00024591502*4563.84*3742.40**4~CAS*CO*90*821.49**91*-0.05~CLP*0462859*22*-4563.84*-3742.40**13*242246491304834772V~NM1*QC*1*LOXTERMAN*DANIEL****MI*10176671400~REF*CE*MDR1S100S2~DTM*232*20240811~SVC*N4:00024591502*-4563.84*-3742.40**-4~CAS*CO*90*-821.49**91*0.05~CLP*0462884*1*6863.03*5627.73**13*242252634890834771J~NM1*QC*1*HOOD*PHYLLIS****MI*10180439900~REF*CE*MDR1S100S2~DTM*232*20240812~SVC*N4:50474071079*6863.03*5627.73**1~CAS*CO*90*1235.35**91*-0.05~CLP*0462884*22*-6863.03*-5627.73**13*242252634890834771J~NM1*QC*1*HOOD*PHYLLIS****MI*10180439900~REF*CE*MDR1S100S2~DTM*232*20240812~SVC*N4:50474071079*-6863.03*-5627.73**-1~CAS*CO*90*-1235.35**91*0.05~CLP*0462887*4*8928.60*0**13*242252665053866771J~NM1*QC*1*PASULA*CRYSTAL****MI*10202238000~DTM*232*20240812~SVC*N4:69238131804*8928.60*0**60~CAS*CO*90*8928.60~LQ*RX*79~CLP*10349635*1*30701.78*26096.56**13*242252778363865771J~NM1*QC*1*RODIBAUGH*ROBERT****MI*10148235000~REF*CE*MDR1S100S2~DTM*232*20240812~SVC*N4:42388002446*30701.78*26096.56**30~CAS*CO*90*4605.27**91*-0.05**130*-0.34**130*0.34~CLP*0462909*1*6647.80*5451.25**13*242252855975867771J~NM1*QC*1*WHITE*CHARLENE****MI*10185741500~REF*CE*MDR1S100S2~DTM*232*20240812~SVC*N4:50242021501*6647.80*5451.25**4~CAS*CO*90*1196.60**91*-0.05~CLP*0462909*22*-6647.80*-5451.25**13*242252855975867771J~NM1*QC*1*WHITE*CHARLENE****MI*10185741500~REF*CE*MDR1S100S2~DTM*232*20240812~SVC*N4:50242021501*-6647.80*-5451.25**-4~CAS*CO*90*-1196.60**91*0.05~CLP*10355380*1*18079.20*14824.99**13*242252911268852771J~NM1*QC*1*BAHOVIC*SEFKIJA****MI*10161764500~REF*CE*MDR1S100S2~DTM*232*20240812~SVC*N4:72579001102*18079.20*14824.99**120~CAS*CO*90*3254.26**91*-0.05**130*-0.34**130*0.34~CLP*10351667*1*7717.45*6328.36**13*242252936224837771J~NM1*QC*1*KRAYNIE*BARBARA****MI*10195551800~REF*CE*MDR1S100S2~DTM*232*20240811~SVC*N4:00074230630*7717.45*6328.36**30~CAS*CO*90*1389.14**91*-0.05**130*-0.34**130*0.34~CLP*0787281*1*797.31*74.76*74.41*13*242253029602817772V~NM1*QC*1*SMITH*MICHAEL****MI*10128898600~REF*CE*MEDDHIF000~DTM*232*20240806~SVC*N4:63323028420*797.31*74.76**12.50~CAS*CO*90*710.14**91*-62**130*-0.34**130*0.34~CAS*PR*3*74.41~CLP*0791957*1*421.45*110.87*10*13*242253032782869771M~NM1*QC*1*WEISEN*GLORIA****MI*10124906100~REF*CE*MEDDHIF000~DTM*232*20240807~SVC*N4:60505619604*421.45*110.87**1~CAS*CO*90*302.58**91*-2**130*-0.34**130*0.34~CAS*PR*3*10~CLP*0791010*1*3793.07*1071.90**13*242253035886868771J~NM1*QC*1*RATTIGAN*FRANCES****MI*10109236700~REF*CE*MEDDHIF000~DTM*232*20240801~SVC*N4:60505619604*3793.07*1071.90**9~CAS*CO*90*2723.17**91*-2**130*-0.34**130*0.34~CLP*0462954*1*8307.14*6811.90**13*242253040900864771J~NM1*QC*1*WEST*DAWN****MI*10172074000~REF*CE*MDR1S100S2~DTM*232*20240812~SVC*N4:00074055402*8307.14*6811.90**2~CAS*CO*90*1495.29**91*-0.05~CLP*0462954*22*-8307.14*-6811.90**13*242253040900864771J~NM1*QC*1*WEST*DAWN****MI*10172074000~REF*CE*MDR1S100S2~DTM*232*20240812~SVC*N4:00074055402*-8307.14*-6811.90**-2~CAS*CO*90*-1495.29**91*0.05~CLP*0462957*4*24896.58*0**13*242253053472847771M~NM1*QC*1*KELLY*NANCY****MI*10193462900~DTM*232*20240812~SVC*N4:00002144511*24896.58*0**3~CAS*CO*90*24896.58~LQ*RX*7X~LQ*RX*569~CLP*10355304*1*16614.28*13623.76**13*242253102899818771J~NM1*QC*1*WEST*DAWN****MI*10172074000~REF*CE*MDR1S100S2~DTM*232*20240812~SVC*N4:00074055402*16614.28*13623.76**4~CAS*CO*90*2990.57**91*-0.05**130*-0.34**130*0.34~CLP*10353111*1*4563.84*3742.40**13*242253132337843772V~NM1*QC*1*LOXTERMAN*DANIEL****MI*10176671400~REF*CE*MDR1S100S2~DTM*232*20240812~SVC*N4:00024591502*4563.84*3742.40**4~CAS*CO*90*821.49**91*-0.05**130*-0.34**130*0.34~CLP*10360574*1*8298.86*6805.12**13*242253132566820771M~NM1*QC*1*KELLY*NANCY****MI*10193462900~REF*CE*MDR1S100S2~DTM*232*20240812~SVC*N4:00002144511*8298.86*6805.12**1~CAS*CO*90*1493.79**91*-0.05**130*-0.34**130*0.34~CLP*10330179*1*6647.80*5451.25**13*242253155545828771J~NM1*QC*1*WHITE*CHARLENE****MI*10185741500~REF*CE*MDR1S100S2~DTM*232*20240812~SVC*N4:50242021501*6647.80*5451.25**4~CAS*CO*90*1196.60**91*-0.05**130*-0.34**130*0.34~CLP*10360610*1*3200.40*2386.45*237.93*13*242253481352812771J~NM1*QC*1*LAFE*SANDRA****MI*10107315900~REF*CE*MDR1S100S2~DTM*232*20240812~SVC*N4:70539000102*3200.40*2386.45**1.56~CAS*CO*90*576.07**91*-0.05**130*-0.34**130*0.34~CAS*PR*3*237.93~CLP*0463048*1*7717.50*6328.11*0.25*13*242253488673821771J~NM1*QC*1*GRAY*DEBRA****MI*10204089300~REF*CE*MDR1S100S2~DTM*232*20240812~SVC*N4:00074230630*7717.50*6328.11**30~CAS*CO*90*1389.19**91*-0.05~CAS*PR*3*0.25~CLP*0463048*22*-7717.50*-6328.11**13*242253488673821771J~NM1*QC*1*GRAY*DEBRA****MI*10204089300~REF*CE*MDR1S100S2~DTM*232*20240812~SVC*N4:00074230630*-7717.50*-6328.11**-30~CAS*CO*90*-1389.19**91*0.05~CAS*CO*3*-0.25~CLP*0463072*1*3323.90*2044.33*681.32*13*242253618133809771J~NM1*QC*1*CHOMAS*TAMELA****MI*10194959900~REF*CE*MDR1S100S2~DTM*232*20240812~SVC*N4:50242021501*3323.90*2044.33**2~CAS*CO*90*598.30**91*-0.05~CAS*PR*3*681.32~CLP*0463072*22*-3323.90*-2044.33**13*242253618133809771J~NM1*QC*1*CHOMAS*TAMELA****MI*10194959900~REF*CE*MDR1S100S2~DTM*232*20240812~SVC*N4:50242021501*-3323.90*-2044.33**-2~CAS*CO*90*-598.30**91*0.05~CAS*CO*3*-681.32~CLP*0463074*1*16597.74*13610.19**13*242253640373842771J~NM1*QC*1*SCRIVENS*BARBARA****MI*10201101000~REF*CE*MDR1S100S2~DTM*232*20240812~SVC*N4:00002144527*16597.74*13610.19**2~CAS*CO*90*2987.60**91*-0.05~CLP*0463074*22*-16597.74*-13610.19**13*242253640373842771J~NM1*QC*1*SCRIVENS*BARBARA****MI*10201101000~REF*CE*MDR1S100S2~DTM*232*20240812~SVC*N4:00002144527*-16597.74*-13610.19**-2~CAS*CO*90*-2987.60**91*0.05~CLP*0463085*4*8307.14*0**13*242253673397813771M~NM1*QC*1*CONCINO*CYNTHIA****MI*10108263700~DTM*232*20240812~SVC*N4:00074055402*8307.14*0**2~CAS*CO*90*8307.14~LQ*RX*75~LQ*RX*569~CLP*10351067*1*17198.96*14619.17**13*242253712028832771J~NM1*QC*1*CORLL*GARY****MI*10109082400~REF*CE*MDR1S100S2~DTM*232*20240812~SVC*N4:00469012599*17198.96*14619.17**120~CAS*CO*90*2579.84**91*-0.05**130*-0.34**130*0.34~CLP*0463117*4*39676.04*0**13*242253772136812771M~NM1*QC*1*HENDRICK*LUANN****MI*10145398700~DTM*232*20240812~SVC*N4:59627033304*39676.04*0**4~CAS*CO*90*39676.04~LQ*RX*76~LQ*RX*569~CLP*0463119*1*9919.01*5699.59*2434.05*13*242253783953807771M~NM1*QC*1*HENDRICK*LUANN****MI*10145398700~REF*CE*MDR1S100S2~DTM*232*20240812~SVC*N4:59627033304*9919.01*5699.59**1~CAS*CO*90*1785.42**91*-0.05~CAS*PR*3*2434.05~CLP*0463119*22*-9919.01*-5699.59**13*242253783953807771M~NM1*QC*1*HENDRICK*LUANN****MI*10145398700~REF*CE*MDR1S100S2~DTM*232*20240812~SVC*N4:59627033304*-9919.01*-5699.59**-1~CAS*CO*90*-1785.42**91*0.05~CAS*CO*3*-2434.05~CLP*0463123*1*9919.01*5699.59*2434.05*13*242253798153805771M~NM1*QC*1*HENDRICK*LUANN****MI*10145398700~REF*CE*MDR1S100S2~DTM*232*20240812~SVC*N4:59627033304*9919.01*5699.59**1~CAS*CO*90*1785.42**91*-0.05~CAS*PR*3*2434.05~CLP*0463123*22*-9919.01*-5699.59**13*242253798153805771M~NM1*QC*1*HENDRICK*LUANN****MI*10145398700~REF*CE*MDR1S100S2~DTM*232*20240812~SVC*N4:59627033304*-9919.01*-5699.59**-1~CAS*CO*90*-1785.42**91*0.05~CAS*CO*3*-2434.05~CLP*0463125*4*26798.70*0**13*242253811368853771J~NM1*QC*1*PHILAGE*ROBERT****MI*10113683800~DTM*232*20240812~SVC*N4:00069873030*26798.70*0**30~CAS*CO*90*26798.70~LQ*RX*79~CLP*10336705*4*8882.20*0**13*242253851024865771J~NM1*QC*1*BULL*LEANA****MI*10148980100~DTM*232*20240812~SVC*N4:58406003204*8882.20*0**4~CAS*CO*90*8882.20~LQ*RX*79~CLP*10352634*1*6834.32*5604.19**13*242253939014847771J~NM1*QC*1*GORDNER*LARUE****MI*10149475600~REF*CE*MDR1S100S2~DTM*232*20240812~SVC*N4:00003218851*6834.32*5604.19**4~CAS*CO*90*1230.18**91*-0.05**130*-0.34**130*0.34~CLP*10349470*1*4563.84*3742.40**13*242253940023868771J~NM1*QC*1*KRUEGER*ROXANNE****MI*10148233000~REF*CE*MDR1S100S2~DTM*232*20240812~SVC*N4:00024591502*4563.84*3742.40**4~CAS*CO*90*821.49**91*-0.05**130*-0.34**130*0.34~CLP*10354037*1*17198.96*14619.17**13*242253947972836771M~NM1*QC*1*LYNCH*RONALD****MI*10128591400~REF*CE*MDR1S100S2~DTM*232*20240812~SVC*N4:00469062599*17198.96*14619.17**120~CAS*CO*90*2579.84**91*-0.05~CLP*10354037*22*-17198.96*-14619.17**13*242253947972836771M~NM1*QC*1*LYNCH*RONALD****MI*10128591400~REF*CE*MDR1S100S2~DTM*232*20240812~SVC*N4:00469062599*-17198.96*-14619.17**-120~CAS*CO*90*-2579.84**91*0.05~CLP*0463148*1*5970.60*4895.86**13*242253969533839771M~NM1*QC*1*WOLFE*ANGELA****MI*10197776200~REF*CE*MDR1S100S2~DTM*232*20240812~SVC*N4:55513013760*5970.60*4895.86**60~CAS*CO*90*1074.79**91*-0.05~CLP*0463148*22*-5970.60*-4895.86**13*242253969533839771M~NM1*QC*1*WOLFE*ANGELA****MI*10197776200~REF*CE*MDR1S100S2~DTM*232*20240812~SVC*N4:55513013760*-5970.60*-4895.86**-60~CAS*CO*90*-1074.79**91*0.05~CLP*10336851*1*33411.42*27397.41**13*242254159051835771M~NM1*QC*1*BOYD*CARL****MI*10138732300~REF*CE*MDE1S100S2~DTM*232*20240812~SVC*N4:57894006103*33411.42*27397.41**1~CAS*CO*90*6014.06**91*-0.05**130*-0.34**130*0.34~CLP*10327697*1*26798.75*22778.99**13*242254160354860771J~NM1*QC*1*WILLIS*DOROTHY****MI*10112671800~REF*CE*MDR1S100S2~DTM*232*20240812~SVC*N4:00069873030*26798.75*22778.99**30~CAS*CO*90*4019.81**91*-0.05**130*-0.34**130*0.34~CLP*10346527*1*20540.72*17459.66**13*242254174962806772V~NM1*QC*1*LARSON*CHRISTINE****MI*10177893900~REF*CE*MDR1S100S2~DTM*232*20240812~SVC*N4:00310135030*20540.72*17459.66**30~CAS*CO*90*3081.11**91*-0.05**130*-0.34**130*0.34~CLP*10358950*1*17198.96*14619.17**13*242254235036856771M~NM1*QC*1*FANCHER*MATTHEW****MI*10171501500~REF*CE*MDR1S100S2~DTM*232*20240812~SVC*N4:00469062599*17198.96*14619.17**120~CAS*CO*90*2579.84**91*-0.05**130*-0.34**130*0.34~CLP*10327263*1*4748.03*1246.48*415.38*13*242254248735839771M~NM1*QC*1*CHAUBEY*SEEMA****MI*10118742100~REF*CE*MDR1S100S2~DTM*232*20240812~SVC*N4:60505618800*4748.03*1246.48**2.40~CAS*CO*90*3086.22**91*-0.05**130*-0.34**130*0.34~CAS*PR*3*415.38~CLP*10355037*1*18441.73*15122.27**13*242254282104829773H~NM1*QC*1*MEIER*GARY****MI*10127824100~REF*CE*MDR1S100S2~DTM*232*20240812~SVC*N4:00310351260*18441.73*15122.27**60~CAS*CO*90*3319.51**91*-0.05**130*-0.34**130*0.34~CLP*10355032*1*26798.75*22778.99**13*242254282893859771M~NM1*QC*1*DRAKE*DAVID****MI*10120144700~REF*CE*MDR1S100S2~DTM*232*20240812~SVC*N4:00069873030*26798.75*22778.99**30~CAS*CO*90*4019.81**91*-0.05**130*-0.34**130*0.34~CLP*10358014*1*16289.28*13845.94**13*242254286388810771J~NM1*QC*1*CHILDS*RICHARD****MI*10161987500~REF*CE*MDR1S100S2~DTM*232*20240812~SVC*N4:50419039501*16289.28*13845.94**120~CAS*CO*90*2443.39**91*-0.05**130*-0.34**130*0.34~CLP*10343262*1*11649*2307.72**13*242254286731852771J~NM1*QC*1*PARRAN*DONALD****MI*10171688800~REF*CE*MDR1S100S2~DTM*232*20240812~SVC*N4:72205003092*11649*2307.72**120~CAS*CO*90*9341.33**91*-0.05**130*-0.34**130*0.34~CLP*10347790*1*10932.23*2340.76*780.14*13*242254337918854771J~NM1*QC*1*GRAHAM*MARY****MI*10178848600~REF*CE*MDR1S100S2~DTM*232*20240812~SVC*N4:59651024130*10932.23*2340.76**30~CAS*CO*90*7811.38**91*-0.05**130*-0.34**130*0.34~CAS*PR*3*780.14~CLP*10327499*1*12411.20*7959.06**13*242254445081870771J~NM1*QC*1*BATTLES*JACK****MI*10197890100~REF*CE*MDR1S100S2~DTM*232*20240812~SVC*N4:82293000210*12411.20*7959.06**60~CAS*CO*90*4452.19**91*-0.05**130*-0.34**130*0.34~CLP*0463244*1*6940.80*3918.05*1773.40*13*242254667753859771J~NM1*QC*1*WALTER*ELAINE****MI*10200757900~REF*CE*MDR1S100S2~DTM*232*20240812~SVC*N4:00069050130*6940.80*3918.05**30~CAS*CO*90*1249.40**91*-0.05~CAS*PR*3*1773.40~CLP*0463244*22*-6940.80*-3918.05**13*242254667753859771J~NM1*QC*1*WALTER*ELAINE****MI*10200757900~REF*CE*MDR1S100S2~DTM*232*20240812~SVC*N4:00069050130*-6940.80*-3918.05**-30~CAS*CO*90*-1249.40**91*0.05~CAS*CO*3*-1773.40~CLP*0463264*1*8307.14*6811.90**13*242254860313808771M~NM1*QC*1*VANAULEN*DOROTHY****MI*10108374300~REF*CE*MDR1S100S2~DTM*232*20240812~SVC*N4:00074055402*8307.14*6811.90**2~CAS*CO*90*1495.29**91*-0.05~CLP*0463264*22*-8307.14*-6811.90**13*242254860313808771M~NM1*QC*1*VANAULEN*DOROTHY****MI*10108374300~REF*CE*MDR1S100S2~DTM*232*20240812~SVC*N4:00074055402*-8307.14*-6811.90**-2~CAS*CO*90*-1495.29**91*0.05~CLP*0463266*1*11334*9293.79**13*242254886502819771M~NM1*QC*1*MALLOY*LEEANN****MI*10111839000~REF*CE*MDR1S100S2~DTM*232*20240812~SVC*N4:64406000602*11334*9293.79**60~CAS*CO*90*2040.26**91*-0.05~CLP*0463266*22*-11334*-9293.79**13*242254886502819771M~NM1*QC*1*MALLOY*LEEANN****MI*10111839000~REF*CE*MDR1S100S2~DTM*232*20240812~SVC*N4:64406000602*-11334*-9293.79**-60~CAS*CO*90*-2040.26**91*0.05~CLP*0463268*1*26798.70*22778.99**13*242254932983805771J~NM1*QC*1*VERI*DAVID****MI*10180463300~REF*CE*MDR1S100S2~DTM*232*20240812~SVC*N4:00069873030*26798.70*22778.99**30~CAS*CO*90*4019.76**91*-0.05~CLP*0463268*22*-26798.70*-22778.99**13*242254932983805771J~NM1*QC*1*VERI*DAVID****MI*10180463300~REF*CE*MDR1S100S2~DTM*232*20240812~SVC*N4:00069873030*-26798.70*-22778.99**-30~CAS*CO*90*-4019.76**91*0.05~CLP*0463273*1*3286.08*1313.64*328.32*13*242254994586834771J~NM1*QC*1*BARRON*DELORES****MI*10146039500~REF*CE*MDR1S100S2~DTM*232*20240812~SVC*N4:59651020508*3286.08*1313.64**84~CAS*CO*90*1644.17**91*-0.05~CAS*PR*3*328.32~CLP*0463273*22*-3286.08*-1313.64**13*242254994586834771J~NM1*QC*1*BARRON*DELORES****MI*10146039500~REF*CE*MDR1S100S2~DTM*232*20240812~SVC*N4:59651020508*-3286.08*-1313.64**-84~CAS*CO*90*-1644.17**91*0.05~CAS*CO*3*-328.32~CLP*10355335*1*26798.75*22778.99**13*242255018607870771J~NM1*QC*1*VERI*DAVID****MI*10180463300~REF*CE*MDR1S100S2~DTM*232*20240812~SVC*N4:00069873030*26798.75*22778.99**30~CAS*CO*90*4019.81**91*-0.05**130*-0.34**130*0.34~CLP*10351268*1*33894*28809.95**13*242255081122865771J~NM1*QC*1*DURANT*MYRTLE****MI*10158241800~REF*CE*MDR1S100S2~DTM*232*20240812~SVC*N4:81864010330*33894*28809.95**30~CAS*CO*90*5084.10**91*-0.05**130*-0.34**130*0.34~CLP*0463294*1*8307.14*6811.90**13*242255158070819771M~NM1*QC*1*MEALS*STANLEY****MI*10109426100~REF*CE*MDR1S100S2~DTM*232*20240812~SVC*N4:00074024302*8307.14*6811.90**2~CAS*CO*90*1495.29**91*-0.05~CLP*0463294*22*-8307.14*-6811.90**13*242255158070819771M~NM1*QC*1*MEALS*STANLEY****MI*10109426100~REF*CE*MDR1S100S2~DTM*232*20240812~SVC*N4:00074024302*-8307.14*-6811.90**-2~CAS*CO*90*-1495.29**91*0.05~CLP*0463301*1*6940.80*3918.05*1773.40*13*242255204356865771J~NM1*QC*1*WALTER*ELAINE****MI*10200757900~REF*CE*MDR1S100S2~DTM*232*20240812~SVC*N4:00069050130*6940.80*3918.05**30~CAS*CO*90*1249.40**91*-0.05~CAS*PR*3*1773.40~CLP*0463301*22*-6940.80*-3918.05**13*242255204356865771J~NM1*QC*1*WALTER*ELAINE****MI*10200757900~REF*CE*MDR1S100S2~DTM*232*20240812~SVC*N4:00069050130*-6940.80*-3918.05**-30~CAS*CO*90*-1249.40**91*0.05~CAS*CO*3*-1773.40~CLP*0463316*1*2580*2115.65**13*242255317881815771J~NM1*QC*1*BAILEY*HARRY****MI*10146295000~REF*CE*MDR1S100S2~DTM*232*20240812~SVC*N4:89130202001*2580*2115.65**6~CAS*CO*90*464.40**91*-0.05~CLP*0463316*22*-2580*-2115.65**13*242255317881815771J~NM1*QC*1*BAILEY*HARRY****MI*10146295000~REF*CE*MDR1S100S2~DTM*232*20240812~SVC*N4:89130202001*-2580*-2115.65**-6~CAS*CO*90*-464.40**91*0.05~CLP*0463329*1*803.52*482.21*120.47*13*242255426381821771M~NM1*QC*1*STANSFIELD*EDWARD****MI*10105755201~REF*CE*MDR1S100S2~DTM*232*20240812~SVC*N4:00378326694*803.52*482.21**8~CAS*CO*90*200.89**91*-0.05~CAS*PR*3*120.47~CLP*0463329*22*-803.52*-482.21**13*242255426381821771M~NM1*QC*1*STANSFIELD*EDWARD****MI*10105755201~REF*CE*MDR1S100S2~DTM*232*20240812~SVC*N4:00378326694*-803.52*-482.21**-8~CAS*CO*90*-200.89**91*0.05~CAS*CO*3*-120.47~CLP*10348758*1*803.51*482.21*120.47*13*242262428194860771M~NM1*QC*1*STANSFIELD*EDWARD****MI*10105755201~REF*CE*MDR1S100S2~DTM*232*20240812~SVC*N4:00378326694*803.51*482.21**8~CAS*CO*90*200.88**91*-0.05**130*-0.34**130*0.34~CAS*PR*3*120.47~CLP*10349273*1*8298.86*6805.12**13*242262428682831771J~NM1*QC*1*DEMASI*BONNIE****MI*10153888300~REF*CE*MDR1S100S2~DTM*232*20240812~SVC*N4:00002144511*8298.86*6805.12**1~CAS*CO*90*1493.79**91*-0.05**130*-0.34**130*0.34~CLP*0463358*4*9132.84*0**13*242262621785837771J~NM1*QC*1*BURRELL*THOMAS****MI*10107818300~DTM*232*20240813~SVC*N4:42385092499*9132.84*0**207~CAS*CO*90*9132.84~LQ*RX*75~LQ*RX*569~CLP*10360780*1*360*0.34*269.71*13*242262661844814771J~NM1*QC*1*MARISA*KATHLEEN****MI*10105015200~REF*CE*MDE1S100S2~DTM*232*20240813~SVC*N4:55111068852*360*0.34**100~CAS*CO*90*90**91*-0.05**130*-0.34**130*0.34~CAS*PR*3*269.71~CLP*10360794*1*8307.14*6811.90**13*242262662629855771M~NM1*QC*1*MEALS*STANLEY****MI*10109426100~REF*CE*MDR1S100S2~DTM*232*20240813~SVC*N4:00074024302*8307.14*6811.90**2~CAS*CO*90*1495.29**91*-0.05**130*-0.34**130*0.34~CLP*10360831*1*11333.83*9293.79**13*242262814836812771M~NM1*QC*1*MALLOY*LEEANN****MI*10111839000~REF*CE*MDR1S100S2~DTM*232*20240813~SVC*N4:64406000602*11333.83*9293.79**60~CAS*CO*90*2040.09**91*-0.05**130*-0.34**130*0.34~CLP*10360831*1*11333.83*9293.79**13*242262814836812771M~NM1*QC*1*MALLOY*LEEANN****MI*10111839000~REF*CE*MDR1S100S2~DTM*232*20240813~SVC*N4:64406000602*11333.83*9293.79**60~CAS*CO*90*2040.09**91*-0.05~CLP*10360831*22*-11333.83*-9293.79**13*242262814836812771M~NM1*QC*1*MALLOY*LEEANN****MI*10111839000~REF*CE*MDR1S100S2~DTM*232*20240813~SVC*N4:64406000602*-11333.83*-9293.79**-60~CAS*CO*90*-2040.09**91*0.05~CLP*10360848*1*2580*2115.65**13*242262839776826771J~NM1*QC*1*BAILEY*HARRY****MI*10146295000~REF*CE*MDR1S100S2~DTM*232*20240813~SVC*N4:89130202001*2580*2115.65**6~CAS*CO*90*464.40**91*-0.05**130*-0.34**130*0.34~CLP*0463426*1*2143.34*1657.59*100*13*242263005291853771J~NM1*QC*1*BREKOVSKY*EILEEN****MI*10108571700~REF*CE*MDE1S100S2~DTM*232*20240813~SVC*N4:55513071001*2143.34*1657.59**1~CAS*CO*90*385.80**91*-0.05~CAS*PR*3*100~CLP*0463426*22*-2143.34*-1657.59**13*242263005291853771J~NM1*QC*1*BREKOVSKY*EILEEN****MI*10108571700~REF*CE*MDE1S100S2~DTM*232*20240813~SVC*N4:55513071001*-2143.34*-1657.59**-1~CAS*CO*90*-385.80**91*0.05~CAS*CO*3*-100~CLP*10352690*1*26649.60*21852.73**13*242263045950858771J~NM1*QC*1*TURNER*KATHLEEN****MI*10162608100~REF*CE*MDR1S100S2~DTM*232*20240813~SVC*N4:00078069819*26649.60*21852.73**112~CAS*CO*90*4796.92**91*-0.05**130*-0.34**130*0.34~CLP*10356120*1*10932.23*2340.76*780.14*13*242263057576839771J~NM1*QC*1*BEATTY*DEBORAH****MI*10105828500~REF*CE*MDR1S100S2~DTM*232*20240813~SVC*N4:59651024130*10932.23*2340.76**30~CAS*CO*90*7811.38**91*-0.05**130*-0.34**130*0.34~CAS*PR*3*780.14~CLP*10345888*1*19669.96*16129.42**13*242263242155852771M~NM1*QC*1*VALMAS*FREDERIKI****MI*10108819200~REF*CE*MDR1S100S2~DTM*232*20240813~SVC*N4:57962028028*19669.96*16129.42**28~CAS*CO*90*3540.59**91*-0.05**130*-0.34**130*0.34~CLP*0760058*1*55.71*17.71**13*242263512142866771J~NM1*QC*1*GEBHARDT*MELISSA****MI*10182220800~REF*CE*MEDDHIF000~DTM*232*20240802~SVC*N4:00338011704*55.71*17.71**3000~CAS*CO*90*40**91*-2**130*-0.34**130*0.34~CLP*0763284*1*621.19*74.48**13*242263515547850771J~NM1*QC*1*GEBHARDT*MELISSA****MI*10182220800~REF*CE*MEDDHIF000~DTM*232*20240802~SVC*N4:00517107501*621.19*74.48**1~CAS*CO*90*608.71**91*-62**130*-0.34**130*0.34~CLP*10313382*1*8882.20*7283.45**13*242263528077845771J~NM1*QC*1*ARMOUR*PATTY J****MI*10196972300~REF*CE*MDR1S100S2~DTM*232*20240810~SVC*N4:58406003204*8882.20*7283.45**4~CAS*CO*90*1598.80**91*-0.05**130*-0.34**130*0.34~CLP*0463521*4*2819.54*0**13*242263661571833771M~NM1*QC*1*HAMILTON*DEBRA****MI*10196300900~DTM*232*20240813~SVC*N4:50242013801*2819.54*0**1.80~CAS*CO*90*2819.54~LQ*RX*70~LQ*RX*MR~LQ*RX*569~CLP*10360916*1*3323.90*2044.33*681.32*13*242263676809851771J~NM1*QC*1*CHOMAS*TAMELA****MI*10194959900~REF*CE*MDR1S100S2~DTM*232*20240813~SVC*N4:50242021501*3323.90*2044.33**2~CAS*CO*90*598.30**91*-0.05**130*-0.34**130*0.34~CAS*PR*3*681.32~CLP*0463538*1*17895.60*15211**13*242263755263864771J~NM1*QC*1*WATSON*KENNETH****MI*10163738200~REF*CE*MDR1S100S2~DTM*232*20240813~SVC*N4:59676060012*17895.60*15211**120~CAS*CO*90*2684.65**91*-0.05~CLP*0463538*22*-17895.60*-15211**13*242263755263864771J~NM1*QC*1*WATSON*KENNETH****MI*10163738200~REF*CE*MDR1S100S2~DTM*232*20240813~SVC*N4:59676060012*-17895.60*-15211**-120~CAS*CO*90*-2684.65**91*0.05~CLP*0463542*1*6940.80*4268.68*1422.77*13*242263775489805771M~NM1*QC*1*DUDAS*JAMES****MI*10201441400~REF*CE*MDR1S100S2~DTM*232*20240813~SVC*N4:00069050130*6940.80*4268.68**30~CAS*CO*90*1249.40**91*-0.05~CAS*PR*3*1422.77~CLP*0463542*22*-6940.80*-4268.68**13*242263775489805771M~NM1*QC*1*DUDAS*JAMES****MI*10201441400~REF*CE*MDR1S100S2~DTM*232*20240813~SVC*N4:00069050130*-6940.80*-4268.68**-30~CAS*CO*90*-1249.40**91*0.05~CAS*CO*3*-1422.77~CLP*10355539*1*10290*8746.55**13*242263910626860771J~NM1*QC*1*BUCCI*DONATO****MI*10107302100~REF*CE*MDR1S100S2~DTM*232*20240813~SVC*N4:50881001560*10290*8746.55**30~CAS*CO*90*1543.50**91*-0.05**130*-0.34**130*0.34~CLP*10341582*1*16977.95*13921.97**13*242264037634847771J~NM1*QC*1*BOYD*LEANORA****MI*10161645900~REF*CE*MDR1S100S2~DTM*232*20240813~SVC*N4:00078086742*16977.95*13921.97**42~CAS*CO*90*3056.03**91*-0.05**130*-0.34**130*0.34~CLP*10355012*1*16597.73*13610.19**13*242264037883827771J~NM1*QC*1*HERR*AMY****MI*10104947500~REF*CE*MDR1S100S2~DTM*232*20240813~SVC*N4:00002144527*16597.73*13610.19**2~CAS*CO*90*2987.59**91*-0.05**130*-0.34**130*0.34~CLP*10358345*1*4563.84*3742.40**13*242264039379830771J~NM1*QC*1*LITCH*ANNETTE****MI*10202349000~REF*CE*MDR1S100S2~DTM*232*20240813~SVC*N4:00024591502*4563.84*3742.40**4~CAS*CO*90*821.49**91*-0.05**130*-0.34**130*0.34~CLP*10360888*1*17895.24*15211**13*242264065311858771J~NM1*QC*1*WATSON*KENNETH****MI*10163738200~REF*CE*MDR1S100S2~DTM*232*20240813~SVC*N4:59676060012*17895.24*15211**120~CAS*CO*90*2684.29**91*-0.05**130*-0.34**130*0.34~CLP*0463588*1*2143.34*1657.59*100*13*242264110681831771J~NM1*QC*1*WITOSKY*ROSE****MI*10106603700~REF*CE*MDE1S100S2~DTM*232*20240813~SVC*N4:55513071001*2143.34*1657.59**1~CAS*CO*90*385.80**91*-0.05~CAS*PR*3*100~CLP*0463588*22*-2143.34*-1657.59**13*242264110681831771J~NM1*QC*1*WITOSKY*ROSE****MI*10106603700~REF*CE*MDE1S100S2~DTM*232*20240813~SVC*N4:55513071001*-2143.34*-1657.59**-1~CAS*CO*90*-385.80**91*0.05~CAS*CO*3*-100~CLP*10358319*1*4563.84*3731.20*11.20*13*242264186423851771J~NM1*QC*1*BOXLEY*MARY****MI*10177930400~REF*CE*MDR1S100S2~DTM*232*20240813~SVC*N4:00024591502*4563.84*3731.20**4~CAS*CO*90*821.49**91*-0.05**130*-0.34**130*0.34~CAS*PR*3*11.20~CLP*10357129*1*25220.83*20681.13**13*242264186472852772V~NM1*QC*1*MCKENZIE*TOD****MI*10197500500~REF*CE*MDR1S100S2~DTM*232*20240813~SVC*N4:00074105001*25220.83*20681.13**1~CAS*CO*90*4539.75**91*-0.05**130*-0.34**130*0.34~CLP*10360875*1*7211.22*2046.32*511.50*13*242264199026836771J~NM1*QC*1*DEGEORGE*THOMAS****MI*10106016801~REF*CE*MDE1S100S2~DTM*232*20240813~SVC*N4:43598060556*7211.22*2046.32**280~CAS*CO*90*4653.45**91*-0.05**130*-0.34**130*0.34~CAS*PR*3*511.50~CLP*10335087*1*6291.56*3539.13*1179.59*13*242264228405867771J~NM1*QC*1*FOLEY*DIANNE****MI*10106522200~REF*CE*MDR1S100S2~DTM*232*20240813~SVC*N4:00378696112*6291.56*3539.13**12~CAS*CO*90*1572.89**91*-0.05**130*-0.34**130*0.34~CAS*PR*3*1179.59~CLP*10343206*1*8307.14*6811.90**13*242264231436852771J~NM1*QC*1*BAMBERGER*ROBERT****MI*10169961100~REF*CE*MDR1S100S2~DTM*232*20240813~SVC*N4:00074055402*8307.14*6811.90**2~CAS*CO*90*1495.29**91*-0.05**130*-0.34**130*0.34~CLP*0463613*1*5343.05*4541.64**13*242264323425818771J~NM1*QC*1*CANNON*SHIRLEY****MI*10178099300~REF*CE*MDR1S100S2~DTM*232*20240813~SVC*N4:55513012301*5343.05*4541.64**1.91~CAS*CO*90*801.46**91*-0.05~CLP*0463613*22*-5343.05*-4541.64**13*242264323425818771J~NM1*QC*1*CANNON*SHIRLEY****MI*10178099300~REF*CE*MDR1S100S2~DTM*232*20240813~SVC*N4:55513012301*-5343.05*-4541.64**-1.91~CAS*CO*90*-801.46**91*0.05~CLP*10338558*1*6812.10*5790.34**13*242264453466813771J~NM1*QC*1*GASSETTE*GAIL****MI*10196832400~REF*CE*MDE1S100S2~DTM*232*20240813~SVC*N4:00310173030*6812.10*5790.34**1~CAS*CO*90*1021.81**91*-0.05**130*-0.34**130*0.34~CLP*10361000*1*2143.34*1657.59*100*13*242264467245845771J~NM1*QC*1*WITOSKY*ROSE****MI*10106603700~REF*CE*MDE1S100S2~DTM*232*20240813~SVC*N4:55513071001*2143.34*1657.59**1~CAS*CO*90*385.80**91*-0.05**130*-0.34**130*0.34~CAS*PR*3*100~CLP*10361000*1*2143.34*1657.59*100*13*242264467245845771J~NM1*QC*1*WITOSKY*ROSE****MI*10106603700~REF*CE*MDE1S100S2~DTM*232*20240813~SVC*N4:55513071001*2143.34*1657.59**1~CAS*CO*90*385.80**91*-0.05~CAS*PR*3*100~CLP*10361000*22*-2143.34*-1657.59**13*242264467245845771J~NM1*QC*1*WITOSKY*ROSE****MI*10106603700~REF*CE*MDE1S100S2~DTM*232*20240813~SVC*N4:55513071001*-2143.34*-1657.59**-1~CAS*CO*90*-385.80**91*0.05~CAS*CO*3*-100~CLP*10361012*1*5343.05*4541.64**13*242264529604813771J~NM1*QC*1*CANNON*SHIRLEY****MI*10178099300~REF*CE*MDR1S100S2~DTM*232*20240813~SVC*N4:55513012301*5343.05*4541.64**1.91~CAS*CO*90*801.46**91*-0.05**130*-0.34**130*0.34~CLP*0463673*1*4563.84*2507.53*1234.87*13*242264847481821771J~NM1*QC*1*DEFRANCESCO*BARBARA****MI*10107200900~REF*CE*MDR1S100S2~DTM*232*20240813~SVC*N4:00024591401*4563.84*2507.53**4~CAS*CO*90*821.49**91*-0.05~CAS*PR*3*1234.87~CLP*0463673*22*-4563.84*-2507.53**13*242264847481821771J~NM1*QC*1*DEFRANCESCO*BARBARA****MI*10107200900~REF*CE*MDR1S100S2~DTM*232*20240813~SVC*N4:00024591401*-4563.84*-2507.53**-4~CAS*CO*90*-821.49**91*0.05~CAS*CO*3*-1234.87~CLP*10338406*1*6940.73*3918.05*1773.40*13*242264875632809771J~NM1*QC*1*WALTER*ELAINE****MI*10200757900~REF*CE*MDR1S100S2~DTM*232*20240813~SVC*N4:00069050130*6940.73*3918.05**30~CAS*CO*90*1249.33**91*-0.05**130*-0.34**130*0.34~CAS*PR*3*1773.40~CLP*10340431*1*5343.05*4541.64**13*242265045371828771J~NM1*QC*1*MATTHEWS*ADRAINNE****MI*10106295000~REF*CE*MDR1S100S2~DTM*232*20240813~SVC*N4:55513012301*5343.05*4541.64**1.91~CAS*CO*90*801.46**91*-0.05**130*-0.34**130*0.34~CLP*0463691*4*5639.08*0**13*242265086359810771M~NM1*QC*1*SIMPSON*MELRETTA****MI*10107792100~DTM*232*20240813~SVC*N4:50242014301*5639.08*0**3.60~CAS*CO*90*5639.08~LQ*RX*70~LQ*RX*MR~LQ*RX*569~CLP*10361079*1*16597.73*13610.19**13*242265233922810771J~NM1*QC*1*SCRIVENS*BARBARA****MI*10201101000~REF*CE*MDR1S100S2~DTM*232*20240813~SVC*N4:00002144527*16597.73*13610.19**2~CAS*CO*90*2987.59**91*-0.05**130*-0.34**130*0.34~CLP*0463713*1*33411.42*27397.41**13*242265235496849771J~NM1*QC*1*CALLOWAY*DESIREE****MI*10204287900~REF*CE*MDE1S100S2~DTM*232*20240813~SVC*N4:57894006103*33411.42*27397.41**1~CAS*CO*90*6014.06**91*-0.05~CLP*0463713*22*-33411.42*-27397.41**13*242265235496849771J~NM1*QC*1*CALLOWAY*DESIREE****MI*10204287900~REF*CE*MDE1S100S2~DTM*232*20240813~SVC*N4:57894006103*-33411.42*-27397.41**-1~CAS*CO*90*-6014.06**91*0.05~CLP*10351923*1*19669.96*16129.42**13*242265261652857771J~NM1*QC*1*LUGER*REGIS****MI*10112142400~REF*CE*MDR1S100S2~DTM*232*20240813~SVC*N4:57962042028*19669.96*16129.42**28~CAS*CO*90*3540.59**91*-0.05**130*-0.34**130*0.34~CLP*10337636*1*4563.84*3742.40**13*242265261947829771J~NM1*QC*1*KUHN*JAMES****MI*10151982900~REF*CE*MDR1S100S2~DTM*232*20240813~SVC*N4:00024591502*4563.84*3742.40**4~CAS*CO*90*821.49**91*-0.05**130*-0.34**130*0.34~CLP*0463720*4*25220.83*0**13*242265317953814771J~NM1*QC*1*LEWIS*PAULA****MI*10154409400~DTM*232*20240813~SVC*N4:00074105001*25220.83*0**1~CAS*CO*90*25220.83~LQ*RX*79~CLP*0463726*1*17198.40*11393.51*3225.66*13*242265374110869771J~NM1*QC*1*KAUPER*RAYMOND****MI*10108156500~REF*CE*MDR1S100S2~DTM*232*20240813~SVC*N4:00469012599*17198.40*11393.51**120~CAS*CO*90*2579.28**91*-0.05~CAS*PR*3*3225.66~CLP*0463726*22*-17198.40*-11393.51**13*242265374110869771J~NM1*QC*1*KAUPER*RAYMOND****MI*10108156500~REF*CE*MDR1S100S2~DTM*232*20240813~SVC*N4:00469012599*-17198.40*-11393.51**-120~CAS*CO*90*-2579.28**91*0.05~CAS*CO*3*-3225.66~CLP*10342218*1*4563.84*3742.40**13*242265414005815771J~NM1*QC*1*WILLIE*ARTHUR****MI*10146897100~REF*CE*MDR1S100S2~DTM*232*20240813~SVC*N4:00024591401*4563.84*3742.40**4~CAS*CO*90*821.49**91*-0.05**130*-0.34**130*0.34~CLP*0463734*1*26975.48*11914.77*2166.98*13*242265446465851771J~NM1*QC*1*RICHMOND*SHIRLEY****MI*10184244100~REF*CE*MDR1S100S2~DTM*232*20240813~SVC*N4:00069098038*26975.48*11914.77**28~CAS*CO*90*12893.78**91*-0.05~CAS*PR*3*2166.98~CLP*0463734*22*-26975.48*-11914.77**13*242265446465851771J~NM1*QC*1*RICHMOND*SHIRLEY****MI*10184244100~REF*CE*MDR1S100S2~DTM*232*20240813~SVC*N4:00069098038*-26975.48*-11914.77**-28~CAS*CO*90*-12893.78**91*0.05~CAS*CO*3*-2166.98~CLP*10361050*1*20580*17493.05**13*242265555753801771J~NM1*QC*1*SCHNARRENBERGER*WILLIAM****MI*10111535600~REF*CE*MDR1S100S2~DTM*232*20240813~SVC*N4:50881002060*20580*17493.05**60~CAS*CO*90*3087**91*-0.05**130*-0.34**130*0.34~CLP*10345154*1*8307.14*6811.90**13*242265560763801771J~NM1*QC*1*HOPKINS*KATHRYN****MI*10119089900~REF*CE*MDR1S100S2~DTM*232*20240813~SVC*N4:00074055402*8307.14*6811.90**2~CAS*CO*90*1495.29**91*-0.05**130*-0.34**130*0.34~PLB*1033166244*20241231*AH:43*160.53~SE*5030*0357~GE*1*357~IEA*1*000000357~